%YAML 1.1
%TAG !u! tag:unity3d.com,2011:
--- !u!1 &4692350479657659908
GameObject:
  m_ObjectHideFlags: 0
  m_CorrespondingSourceObject: {fileID: 0}
  m_PrefabInstance: {fileID: 0}
  m_PrefabAsset: {fileID: 0}
  serializedVersion: 6
  m_Component:
  - component: {fileID: 8110869915460134370}
  - component: {fileID: 4022637968382058459}
  - component: {fileID: 5846573230417118419}
  - component: {fileID: 4977597087887913683}
  m_Layer: 0
  m_Name: Plane
  m_TagString: Untagged
  m_Icon: {fileID: 0}
  m_NavMeshLayer: 0
  m_StaticEditorFlags: 0
  m_IsActive: 1
--- !u!4 &8110869915460134370
Transform:
  m_ObjectHideFlags: 0
  m_CorrespondingSourceObject: {fileID: 0}
  m_PrefabInstance: {fileID: 0}
  m_PrefabAsset: {fileID: 0}
  m_GameObject: {fileID: 4692350479657659908}
  m_LocalRotation: {x: 0.70710677, y: 0, z: 0, w: 0.70710677}
  m_LocalPosition: {x: 2.653, y: -1.107, z: 6.271}
  m_LocalScale: {x: 0.1889058, y: 1, z: 0.17763136}
  m_Children: []
  m_Father: {fileID: 2133052715124755048}
  m_RootOrder: 1
  m_LocalEulerAnglesHint: {x: 90, y: 90, z: 90}
--- !u!33 &4022637968382058459
MeshFilter:
  m_ObjectHideFlags: 0
  m_CorrespondingSourceObject: {fileID: 0}
  m_PrefabInstance: {fileID: 0}
  m_PrefabAsset: {fileID: 0}
  m_GameObject: {fileID: 4692350479657659908}
  m_Mesh: {fileID: 10209, guid: 0000000000000000e000000000000000, type: 0}
--- !u!23 &5846573230417118419
MeshRenderer:
  m_ObjectHideFlags: 0
  m_CorrespondingSourceObject: {fileID: 0}
  m_PrefabInstance: {fileID: 0}
  m_PrefabAsset: {fileID: 0}
  m_GameObject: {fileID: 4692350479657659908}
  m_Enabled: 1
  m_CastShadows: 1
  m_ReceiveShadows: 1
  m_DynamicOccludee: 1
  m_MotionVectors: 1
  m_LightProbeUsage: 1
  m_ReflectionProbeUsage: 1
  m_RayTracingMode: 2
  m_RayTraceProcedural: 0
  m_RenderingLayerMask: 1
  m_RendererPriority: 0
  m_Materials:
  - {fileID: 2100000, guid: 066ad3d939c3f0a4792d50afc1f78515, type: 2}
  m_StaticBatchInfo:
    firstSubMesh: 0
    subMeshCount: 0
  m_StaticBatchRoot: {fileID: 0}
  m_ProbeAnchor: {fileID: 0}
  m_LightProbeVolumeOverride: {fileID: 0}
  m_ScaleInLightmap: 1
  m_ReceiveGI: 1
  m_PreserveUVs: 0
  m_IgnoreNormalsForChartDetection: 0
  m_ImportantGI: 0
  m_StitchLightmapSeams: 1
  m_SelectedEditorRenderState: 3
  m_MinimumChartSize: 4
  m_AutoUVMaxDistance: 0.5
  m_AutoUVMaxAngle: 89
  m_LightmapParameters: {fileID: 0}
  m_SortingLayerID: 0
  m_SortingLayer: 0
  m_SortingOrder: 0
  m_AdditionalVertexStreams: {fileID: 0}
--- !u!64 &4977597087887913683
MeshCollider:
  m_ObjectHideFlags: 0
  m_CorrespondingSourceObject: {fileID: 0}
  m_PrefabInstance: {fileID: 0}
  m_PrefabAsset: {fileID: 0}
  m_GameObject: {fileID: 4692350479657659908}
  m_Material: {fileID: 0}
  m_IsTrigger: 0
  m_Enabled: 1
  serializedVersion: 4
  m_Convex: 0
  m_CookingOptions: 30
  m_Mesh: {fileID: 10209, guid: 0000000000000000e000000000000000, type: 0}
--- !u!1 &8467193876796297003
GameObject:
  m_ObjectHideFlags: 0
  m_CorrespondingSourceObject: {fileID: 0}
  m_PrefabInstance: {fileID: 0}
  m_PrefabAsset: {fileID: 0}
  serializedVersion: 6
  m_Component:
  - component: {fileID: 2133052715124755048}
  m_Layer: 0
  m_Name: 607
  m_TagString: Untagged
  m_Icon: {fileID: 0}
  m_NavMeshLayer: 0
  m_StaticEditorFlags: 0
  m_IsActive: 1
--- !u!4 &2133052715124755048
Transform:
  m_ObjectHideFlags: 0
  m_CorrespondingSourceObject: {fileID: 0}
  m_PrefabInstance: {fileID: 0}
  m_PrefabAsset: {fileID: 0}
  m_GameObject: {fileID: 8467193876796297003}
  m_LocalRotation: {x: 0, y: 0, z: 0, w: 1}
  m_LocalPosition: {x: -5.126, y: 10.774, z: -7.11}
  m_LocalScale: {x: 1.4, y: 0.97288, z: 1}
  m_Children:
  - {fileID: 3359002516404418746}
  - {fileID: 8110869915460134370}
  m_Father: {fileID: 0}
  m_RootOrder: 0
  m_LocalEulerAnglesHint: {x: 0, y: 0, z: 0}
--- !u!1001 &3120458249237001196
PrefabInstance:
  m_ObjectHideFlags: 0
  serializedVersion: 2
  m_Modification:
    m_TransformParent: {fileID: 2133052715124755048}
    m_Modifications:
    - target: {fileID: 419831761604234070, guid: 3aca5c4d1c860f74eabf793e41a9fcc9, type: 3}
      propertyPath: m_RootOrder
      value: 0
      objectReference: {fileID: 0}
    - target: {fileID: 419831761604234070, guid: 3aca5c4d1c860f74eabf793e41a9fcc9, type: 3}
      propertyPath: m_LocalScale.x
      value: 0.71168995
      objectReference: {fileID: 0}
    - target: {fileID: 419831761604234070, guid: 3aca5c4d1c860f74eabf793e41a9fcc9, type: 3}
      propertyPath: m_LocalScale.y
      value: 0.6079868
      objectReference: {fileID: 0}
    - target: {fileID: 419831761604234070, guid: 3aca5c4d1c860f74eabf793e41a9fcc9, type: 3}
      propertyPath: m_LocalScale.z
      value: 0.39242575
      objectReference: {fileID: 0}
    - target: {fileID: 419831761604234070, guid: 3aca5c4d1c860f74eabf793e41a9fcc9, type: 3}
      propertyPath: m_LocalPosition.x
      value: 1.37
      objectReference: {fileID: 0}
    - target: {fileID: 419831761604234070, guid: 3aca5c4d1c860f74eabf793e41a9fcc9, type: 3}
      propertyPath: m_LocalPosition.y
      value: -1.0595
      objectReference: {fileID: 0}
    - target: {fileID: 419831761604234070, guid: 3aca5c4d1c860f74eabf793e41a9fcc9, type: 3}
      propertyPath: m_LocalPosition.z
      value: 6.2039
      objectReference: {fileID: 0}
    - target: {fileID: 419831761604234070, guid: 3aca5c4d1c860f74eabf793e41a9fcc9, type: 3}
      propertyPath: m_LocalRotation.w
      value: 0.7071068
      objectReference: {fileID: 0}
    - target: {fileID: 419831761604234070, guid: 3aca5c4d1c860f74eabf793e41a9fcc9, type: 3}
      propertyPath: m_LocalRotation.x
      value: -0
      objectReference: {fileID: 0}
    - target: {fileID: 419831761604234070, guid: 3aca5c4d1c860f74eabf793e41a9fcc9, type: 3}
      propertyPath: m_LocalRotation.y
      value: 0.7071068
      objectReference: {fileID: 0}
    - target: {fileID: 419831761604234070, guid: 3aca5c4d1c860f74eabf793e41a9fcc9, type: 3}
      propertyPath: m_LocalRotation.z
      value: -0
      objectReference: {fileID: 0}
    - target: {fileID: 419831761604234070, guid: 3aca5c4d1c860f74eabf793e41a9fcc9, type: 3}
      propertyPath: m_LocalEulerAnglesHint.x
      value: 0
      objectReference: {fileID: 0}
    - target: {fileID: 419831761604234070, guid: 3aca5c4d1c860f74eabf793e41a9fcc9, type: 3}
      propertyPath: m_LocalEulerAnglesHint.y
      value: 90
      objectReference: {fileID: 0}
    - target: {fileID: 419831761604234070, guid: 3aca5c4d1c860f74eabf793e41a9fcc9, type: 3}
      propertyPath: m_LocalEulerAnglesHint.z
      value: 0
      objectReference: {fileID: 0}
    - target: {fileID: 990042070392558336, guid: 3aca5c4d1c860f74eabf793e41a9fcc9, type: 3}
      propertyPath: m_IsActive
      value: 1
      objectReference: {fileID: 0}
    - target: {fileID: 1845109408278277761, guid: 3aca5c4d1c860f74eabf793e41a9fcc9, type: 3}
      propertyPath: m_IsActive
      value: 0
      objectReference: {fileID: 0}
    - target: {fileID: 1845109409286220428, guid: 3aca5c4d1c860f74eabf793e41a9fcc9, type: 3}
      propertyPath: m_IsActive
      value: 0
      objectReference: {fileID: 0}
    - target: {fileID: 4122819972902901676, guid: 3aca5c4d1c860f74eabf793e41a9fcc9, type: 3}
      propertyPath: m_LocalScale.x
      value: 0.24997327
      objectReference: {fileID: 0}
    - target: {fileID: 4122819972902901676, guid: 3aca5c4d1c860f74eabf793e41a9fcc9, type: 3}
      propertyPath: m_LocalPosition.x
      value: 0.009
      objectReference: {fileID: 0}
    - target: {fileID: 4122819972902901676, guid: 3aca5c4d1c860f74eabf793e41a9fcc9, type: 3}
      propertyPath: m_LocalPosition.y
      value: -0.547
      objectReference: {fileID: 0}
    - target: {fileID: 4122819972902901676, guid: 3aca5c4d1c860f74eabf793e41a9fcc9, type: 3}
      propertyPath: m_LocalPosition.z
      value: 0.16
      objectReference: {fileID: 0}
    - target: {fileID: 6114649919779462486, guid: 3aca5c4d1c860f74eabf793e41a9fcc9, type: 3}
      propertyPath: m_LocalScale.z
      value: 1.6855023
      objectReference: {fileID: 0}
    - target: {fileID: 6114649919779462486, guid: 3aca5c4d1c860f74eabf793e41a9fcc9, type: 3}
      propertyPath: m_LocalPosition.x
      value: 0.012
      objectReference: {fileID: 0}
    - target: {fileID: 6114649919779462486, guid: 3aca5c4d1c860f74eabf793e41a9fcc9, type: 3}
      propertyPath: m_LocalPosition.y
      value: -0.1
      objectReference: {fileID: 0}
    - target: {fileID: 9046834139411974274, guid: 3aca5c4d1c860f74eabf793e41a9fcc9, type: 3}
      propertyPath: m_Name
      value: P607
      objectReference: {fileID: 0}
    m_RemovedComponents: []
  m_SourcePrefab: {fileID: 100100000, guid: 3aca5c4d1c860f74eabf793e41a9fcc9, type: 3}
--- !u!4 &3359002516404418746 stripped
Transform:
  m_CorrespondingSourceObject: {fileID: 419831761604234070, guid: 3aca5c4d1c860f74eabf793e41a9fcc9, type: 3}
  m_PrefabInstance: {fileID: 3120458249237001196}
  m_PrefabAsset: {fileID: 0}
--- !u!1 &4473293600359012445 stripped
GameObject:
  m_CorrespondingSourceObject: {fileID: 1538626793078533041, guid: 3aca5c4d1c860f74eabf793e41a9fcc9, type: 3}
  m_PrefabInstance: {fileID: 3120458249237001196}
  m_PrefabAsset: {fileID: 0}
--- !u!328 &1310264173521394556
VideoPlayer:
  m_ObjectHideFlags: 0
  m_CorrespondingSourceObject: {fileID: 0}
  m_PrefabInstance: {fileID: 0}
  m_PrefabAsset: {fileID: 0}
  m_GameObject: {fileID: 4473293600359012445}
  m_Enabled: 0
  m_VideoClip: {fileID: 32900000, guid: c163344ab8d350e4cb5279f16e8b60a9, type: 3}
  m_TargetCameraAlpha: 1
  m_TargetCamera3DLayout: 0
  m_TargetCamera: {fileID: 0}
  m_TargetTexture: {fileID: 0}
  m_TimeReference: 0
  m_TargetMaterialRenderer: {fileID: 0}
  m_TargetMaterialProperty: _MainTex
  m_RenderMode: 3
  m_AspectRatio: 2
  m_DataSource: 0
  m_PlaybackSpeed: 1
  m_AudioOutputMode: 2
  m_TargetAudioSources:
  - {fileID: 0}
  m_DirectAudioVolumes:
  - 1
  m_Url: 
  m_EnabledAudioTracks: 01
  m_DirectAudioMutes: 00
  m_ControlledAudioTrackCount: 1
  m_PlayOnAwake: 1
  m_SkipOnDrop: 1
  m_Looping: 1
  m_WaitForFirstFrame: 1
  m_FrameReadyEventEnabled: 0
  m_VideoShaders: []
