%YAML 1.1
%TAG !u! tag:unity3d.com,2011:
--- !u!1 &550832005133483999
GameObject:
  m_ObjectHideFlags: 0
  m_CorrespondingSourceObject: {fileID: 0}
  m_PrefabInstance: {fileID: 0}
  m_PrefabAsset: {fileID: 0}
  serializedVersion: 6
  m_Component:
  - component: {fileID: 5573055790197334026}
  m_Layer: 0
  m_Name: P604 1
  m_TagString: Untagged
  m_Icon: {fileID: 0}
  m_NavMeshLayer: 0
  m_StaticEditorFlags: 0
  m_IsActive: 1
--- !u!4 &5573055790197334026
Transform:
  m_ObjectHideFlags: 0
  m_CorrespondingSourceObject: {fileID: 0}
  m_PrefabInstance: {fileID: 0}
  m_PrefabAsset: {fileID: 0}
  m_GameObject: {fileID: 550832005133483999}
  m_LocalRotation: {x: -0, y: -0, z: -0, w: 1}
  m_LocalPosition: {x: -5.614237, y: 9.568374, z: 0.5943806}
  m_LocalScale: {x: 1, y: 1, z: 1}
  m_ConstrainProportionsScale: 0
  m_Children:
  - {fileID: 2786792301417000233}
  - {fileID: 2324942948025359129}
  - {fileID: 1698825970914717203}
  - {fileID: 6378031754005417485}
  - {fileID: 612249239315317301}
  - {fileID: 2388620463678451545}
  - {fileID: 4395936091164103927}
  - {fileID: 4395936091412440373}
  - {fileID: 4395936092419267802}
  - {fileID: 4395936092041936846}
  - {fileID: 4395936091023192973}
  - {fileID: 2786792301147322414}
  m_Father: {fileID: 0}
  m_RootOrder: 0
  m_LocalEulerAnglesHint: {x: 0, y: 0, z: 0}
--- !u!1 &2388620463678451550
GameObject:
  m_ObjectHideFlags: 0
  m_CorrespondingSourceObject: {fileID: 0}
  m_PrefabInstance: {fileID: 0}
  m_PrefabAsset: {fileID: 0}
  serializedVersion: 6
  m_Component:
  - component: {fileID: 2388620463678451545}
  - component: {fileID: 2388620463678451547}
  - component: {fileID: 2388620463678451544}
  m_Layer: 0
  m_Name: Box581 (1)
  m_TagString: Untagged
  m_Icon: {fileID: 0}
  m_NavMeshLayer: 0
  m_StaticEditorFlags: 0
  m_IsActive: 1
--- !u!4 &2388620463678451545
Transform:
  m_ObjectHideFlags: 0
  m_CorrespondingSourceObject: {fileID: 0}
  m_PrefabInstance: {fileID: 0}
  m_PrefabAsset: {fileID: 0}
  m_GameObject: {fileID: 2388620463678451550}
  m_LocalRotation: {x: -0, y: -0.7071068, z: -0, w: 0.7071068}
  m_LocalPosition: {x: -1.6605754, y: 0.2338934, z: -0.7701721}
  m_LocalScale: {x: 2.4365911, y: 2.295893, z: 0.065383576}
  m_ConstrainProportionsScale: 0
  m_Children: []
  m_Father: {fileID: 5573055790197334026}
  m_RootOrder: 5
  m_LocalEulerAnglesHint: {x: 0, y: -90, z: -90}
--- !u!33 &2388620463678451547
MeshFilter:
  m_ObjectHideFlags: 0
  m_CorrespondingSourceObject: {fileID: 0}
  m_PrefabInstance: {fileID: 0}
  m_PrefabAsset: {fileID: 0}
  m_GameObject: {fileID: 2388620463678451550}
  m_Mesh: {fileID: 3320134900609022933, guid: 75a9410873df2504195cbbeb7272faaf, type: 3}
--- !u!23 &2388620463678451544
MeshRenderer:
  m_ObjectHideFlags: 0
  m_CorrespondingSourceObject: {fileID: 0}
  m_PrefabInstance: {fileID: 0}
  m_PrefabAsset: {fileID: 0}
  m_GameObject: {fileID: 2388620463678451550}
  m_Enabled: 1
  m_CastShadows: 1
  m_ReceiveShadows: 1
  m_DynamicOccludee: 1
  m_StaticShadowCaster: 0
  m_MotionVectors: 1
  m_LightProbeUsage: 1
  m_ReflectionProbeUsage: 1
  m_RayTracingMode: 2
  m_RayTraceProcedural: 0
  m_RenderingLayerMask: 1
  m_RendererPriority: 0
  m_Materials:
  - {fileID: 2100000, guid: 23912177fc3720c47816e77357c0c48f, type: 2}
  m_StaticBatchInfo:
    firstSubMesh: 0
    subMeshCount: 0
  m_StaticBatchRoot: {fileID: 0}
  m_ProbeAnchor: {fileID: 0}
  m_LightProbeVolumeOverride: {fileID: 0}
  m_ScaleInLightmap: 1
  m_ReceiveGI: 1
  m_PreserveUVs: 0
  m_IgnoreNormalsForChartDetection: 0
  m_ImportantGI: 0
  m_StitchLightmapSeams: 1
  m_SelectedEditorRenderState: 3
  m_MinimumChartSize: 4
  m_AutoUVMaxDistance: 0.5
  m_AutoUVMaxAngle: 89
  m_LightmapParameters: {fileID: 0}
  m_SortingLayerID: 0
  m_SortingLayer: 0
  m_SortingOrder: 0
  m_AdditionalVertexStreams: {fileID: 0}
--- !u!1001 &204602942178622629
PrefabInstance:
  m_ObjectHideFlags: 0
  serializedVersion: 2
  m_Modification:
    m_TransformParent: {fileID: 612249239315317301}
    m_Modifications:
    - target: {fileID: -8679921383154817045, guid: 4a82e5f65ebffa749b0ab8b75bf98ecc, type: 3}
      propertyPath: m_RootOrder
      value: 41
      objectReference: {fileID: 0}
    - target: {fileID: -8679921383154817045, guid: 4a82e5f65ebffa749b0ab8b75bf98ecc, type: 3}
      propertyPath: m_LocalScale.x
      value: 0.3
      objectReference: {fileID: 0}
    - target: {fileID: -8679921383154817045, guid: 4a82e5f65ebffa749b0ab8b75bf98ecc, type: 3}
      propertyPath: m_LocalScale.y
      value: 0.30000007
      objectReference: {fileID: 0}
    - target: {fileID: -8679921383154817045, guid: 4a82e5f65ebffa749b0ab8b75bf98ecc, type: 3}
      propertyPath: m_LocalScale.z
      value: 0.30000007
      objectReference: {fileID: 0}
    - target: {fileID: -8679921383154817045, guid: 4a82e5f65ebffa749b0ab8b75bf98ecc, type: 3}
      propertyPath: m_LocalPosition.x
      value: -0.8
      objectReference: {fileID: 0}
    - target: {fileID: -8679921383154817045, guid: 4a82e5f65ebffa749b0ab8b75bf98ecc, type: 3}
      propertyPath: m_LocalPosition.y
      value: 0.461
      objectReference: {fileID: 0}
    - target: {fileID: -8679921383154817045, guid: 4a82e5f65ebffa749b0ab8b75bf98ecc, type: 3}
      propertyPath: m_LocalPosition.z
      value: -8.77
      objectReference: {fileID: 0}
    - target: {fileID: -8679921383154817045, guid: 4a82e5f65ebffa749b0ab8b75bf98ecc, type: 3}
      propertyPath: m_LocalRotation.w
      value: 0.7071068
      objectReference: {fileID: 0}
    - target: {fileID: -8679921383154817045, guid: 4a82e5f65ebffa749b0ab8b75bf98ecc, type: 3}
      propertyPath: m_LocalRotation.x
      value: -0.7071068
      objectReference: {fileID: 0}
    - target: {fileID: -8679921383154817045, guid: 4a82e5f65ebffa749b0ab8b75bf98ecc, type: 3}
      propertyPath: m_LocalRotation.y
      value: -0
      objectReference: {fileID: 0}
    - target: {fileID: -8679921383154817045, guid: 4a82e5f65ebffa749b0ab8b75bf98ecc, type: 3}
      propertyPath: m_LocalRotation.z
      value: -0
      objectReference: {fileID: 0}
    - target: {fileID: -8679921383154817045, guid: 4a82e5f65ebffa749b0ab8b75bf98ecc, type: 3}
      propertyPath: m_LocalEulerAnglesHint.x
      value: 0
      objectReference: {fileID: 0}
    - target: {fileID: -8679921383154817045, guid: 4a82e5f65ebffa749b0ab8b75bf98ecc, type: 3}
      propertyPath: m_LocalEulerAnglesHint.y
      value: 0
      objectReference: {fileID: 0}
    - target: {fileID: -8679921383154817045, guid: 4a82e5f65ebffa749b0ab8b75bf98ecc, type: 3}
      propertyPath: m_LocalEulerAnglesHint.z
      value: 0
      objectReference: {fileID: 0}
    - target: {fileID: -1752348107691214000, guid: 4a82e5f65ebffa749b0ab8b75bf98ecc, type: 3}
      propertyPath: m_Materials.Array.data[0]
      value: 
      objectReference: {fileID: 2100000, guid: 1e11425f5e87c0b4484138bc014f431e, type: 2}
    - target: {fileID: 919132149155446097, guid: 4a82e5f65ebffa749b0ab8b75bf98ecc, type: 3}
      propertyPath: m_Name
      value: Ghe (7)
      objectReference: {fileID: 0}
    - target: {fileID: 5607362397932288131, guid: 4a82e5f65ebffa749b0ab8b75bf98ecc, type: 3}
      propertyPath: m_Materials.Array.data[0]
      value: 
      objectReference: {fileID: 2100000, guid: 1e11425f5e87c0b4484138bc014f431e, type: 2}
    - target: {fileID: 9087903417175955359, guid: 4a82e5f65ebffa749b0ab8b75bf98ecc, type: 3}
      propertyPath: m_Materials.Array.data[0]
      value: 
      objectReference: {fileID: 2100000, guid: 1e11425f5e87c0b4484138bc014f431e, type: 2}
    m_RemovedComponents: []
  m_SourcePrefab: {fileID: 100100000, guid: 4a82e5f65ebffa749b0ab8b75bf98ecc, type: 3}
--- !u!1001 &956704040518396249
PrefabInstance:
  m_ObjectHideFlags: 0
  serializedVersion: 2
  m_Modification:
    m_TransformParent: {fileID: 5573055790197334026}
    m_Modifications:
    - target: {fileID: 2351328947674226378, guid: 05d49c12a6c2d6b49b2f9e973bc9a123, type: 3}
      propertyPath: m_Name
      value: Cua
      objectReference: {fileID: 0}
    - target: {fileID: 3164422591650153584, guid: 05d49c12a6c2d6b49b2f9e973bc9a123, type: 3}
      propertyPath: m_RootOrder
      value: 0
      objectReference: {fileID: 0}
    - target: {fileID: 3164422591650153584, guid: 05d49c12a6c2d6b49b2f9e973bc9a123, type: 3}
      propertyPath: m_LocalScale.z
      value: 0.15377945
      objectReference: {fileID: 0}
    - target: {fileID: 3164422591650153584, guid: 05d49c12a6c2d6b49b2f9e973bc9a123, type: 3}
      propertyPath: m_LocalPosition.x
      value: 1.5904245
      objectReference: {fileID: 0}
    - target: {fileID: 3164422591650153584, guid: 05d49c12a6c2d6b49b2f9e973bc9a123, type: 3}
      propertyPath: m_LocalPosition.y
      value: -0.067705154
      objectReference: {fileID: 0}
    - target: {fileID: 3164422591650153584, guid: 05d49c12a6c2d6b49b2f9e973bc9a123, type: 3}
      propertyPath: m_LocalPosition.z
      value: 0.32132745
      objectReference: {fileID: 0}
    - target: {fileID: 3164422591650153584, guid: 05d49c12a6c2d6b49b2f9e973bc9a123, type: 3}
      propertyPath: m_LocalRotation.w
      value: 0.5
      objectReference: {fileID: 0}
    - target: {fileID: 3164422591650153584, guid: 05d49c12a6c2d6b49b2f9e973bc9a123, type: 3}
      propertyPath: m_LocalRotation.x
      value: -0.5
      objectReference: {fileID: 0}
    - target: {fileID: 3164422591650153584, guid: 05d49c12a6c2d6b49b2f9e973bc9a123, type: 3}
      propertyPath: m_LocalRotation.y
      value: 0.5
      objectReference: {fileID: 0}
    - target: {fileID: 3164422591650153584, guid: 05d49c12a6c2d6b49b2f9e973bc9a123, type: 3}
      propertyPath: m_LocalRotation.z
      value: 0.5
      objectReference: {fileID: 0}
    - target: {fileID: 3164422591650153584, guid: 05d49c12a6c2d6b49b2f9e973bc9a123, type: 3}
      propertyPath: m_LocalEulerAnglesHint.x
      value: -90
      objectReference: {fileID: 0}
    - target: {fileID: 3164422591650153584, guid: 05d49c12a6c2d6b49b2f9e973bc9a123, type: 3}
      propertyPath: m_LocalEulerAnglesHint.y
      value: 0
      objectReference: {fileID: 0}
    - target: {fileID: 3164422591650153584, guid: 05d49c12a6c2d6b49b2f9e973bc9a123, type: 3}
      propertyPath: m_LocalEulerAnglesHint.z
      value: 90
      objectReference: {fileID: 0}
    m_RemovedComponents: []
  m_SourcePrefab: {fileID: 100100000, guid: 05d49c12a6c2d6b49b2f9e973bc9a123, type: 3}
--- !u!4 &2786792301417000233 stripped
Transform:
  m_CorrespondingSourceObject: {fileID: 3164422591650153584, guid: 05d49c12a6c2d6b49b2f9e973bc9a123, type: 3}
  m_PrefabInstance: {fileID: 956704040518396249}
  m_PrefabAsset: {fileID: 0}
--- !u!1001 &2388620463681391709
PrefabInstance:
  m_ObjectHideFlags: 0
  serializedVersion: 2
  m_Modification:
    m_TransformParent: {fileID: 5573055790197334026}
    m_Modifications:
    - target: {fileID: 1687800449740350826, guid: 3028ab0e39c833749909a815e8acdc40, type: 3}
      propertyPath: m_Name
      value: Tuong (5)
      objectReference: {fileID: 0}
    - target: {fileID: 2028754248664416208, guid: 3028ab0e39c833749909a815e8acdc40, type: 3}
      propertyPath: m_RootOrder
      value: 10
      objectReference: {fileID: 0}
    - target: {fileID: 2028754248664416208, guid: 3028ab0e39c833749909a815e8acdc40, type: 3}
      propertyPath: m_LocalScale.z
      value: 1.3372123
      objectReference: {fileID: 0}
    - target: {fileID: 2028754248664416208, guid: 3028ab0e39c833749909a815e8acdc40, type: 3}
      propertyPath: m_LocalPosition.x
      value: 1.5674248
      objectReference: {fileID: 0}
    - target: {fileID: 2028754248664416208, guid: 3028ab0e39c833749909a815e8acdc40, type: 3}
      propertyPath: m_LocalPosition.y
      value: 0.22109509
      objectReference: {fileID: 0}
    - target: {fileID: 2028754248664416208, guid: 3028ab0e39c833749909a815e8acdc40, type: 3}
      propertyPath: m_LocalPosition.z
      value: -1.4156725
      objectReference: {fileID: 0}
    - target: {fileID: 2028754248664416208, guid: 3028ab0e39c833749909a815e8acdc40, type: 3}
      propertyPath: m_LocalRotation.w
      value: 0
      objectReference: {fileID: 0}
    - target: {fileID: 2028754248664416208, guid: 3028ab0e39c833749909a815e8acdc40, type: 3}
      propertyPath: m_LocalRotation.x
      value: -0
      objectReference: {fileID: 0}
    - target: {fileID: 2028754248664416208, guid: 3028ab0e39c833749909a815e8acdc40, type: 3}
      propertyPath: m_LocalRotation.y
      value: -0.7071068
      objectReference: {fileID: 0}
    - target: {fileID: 2028754248664416208, guid: 3028ab0e39c833749909a815e8acdc40, type: 3}
      propertyPath: m_LocalRotation.z
      value: -0.7071068
      objectReference: {fileID: 0}
    - target: {fileID: 2028754248664416208, guid: 3028ab0e39c833749909a815e8acdc40, type: 3}
      propertyPath: m_LocalEulerAnglesHint.x
      value: -90
      objectReference: {fileID: 0}
    - target: {fileID: 2028754248664416208, guid: 3028ab0e39c833749909a815e8acdc40, type: 3}
      propertyPath: m_LocalEulerAnglesHint.y
      value: 0
      objectReference: {fileID: 0}
    - target: {fileID: 2028754248664416208, guid: 3028ab0e39c833749909a815e8acdc40, type: 3}
      propertyPath: m_LocalEulerAnglesHint.z
      value: -180
      objectReference: {fileID: 0}
    - target: {fileID: 7095837572708897743, guid: 3028ab0e39c833749909a815e8acdc40, type: 3}
      propertyPath: m_LocalScale.x
      value: 0.22719875
      objectReference: {fileID: 0}
    - target: {fileID: 7095837572708897743, guid: 3028ab0e39c833749909a815e8acdc40, type: 3}
      propertyPath: m_LocalPosition.y
      value: -0.5433
      objectReference: {fileID: 0}
    - target: {fileID: 7095837572708897743, guid: 3028ab0e39c833749909a815e8acdc40, type: 3}
      propertyPath: m_LocalPosition.z
      value: -0.0951
      objectReference: {fileID: 0}
    - target: {fileID: 7171068990304716322, guid: 3028ab0e39c833749909a815e8acdc40, type: 3}
      propertyPath: m_LocalScale.x
      value: 0.22719875
      objectReference: {fileID: 0}
    - target: {fileID: 7171068990304716322, guid: 3028ab0e39c833749909a815e8acdc40, type: 3}
      propertyPath: m_LocalPosition.y
      value: -0.5433
      objectReference: {fileID: 0}
    - target: {fileID: 7171068990304716322, guid: 3028ab0e39c833749909a815e8acdc40, type: 3}
      propertyPath: m_LocalPosition.z
      value: -0.0951
      objectReference: {fileID: 0}
    m_RemovedComponents: []
  m_SourcePrefab: {fileID: 100100000, guid: 3028ab0e39c833749909a815e8acdc40, type: 3}
--- !u!4 &4395936091023192973 stripped
Transform:
  m_CorrespondingSourceObject: {fileID: 2028754248664416208, guid: 3028ab0e39c833749909a815e8acdc40, type: 3}
  m_PrefabInstance: {fileID: 2388620463681391709}
  m_PrefabAsset: {fileID: 0}
--- !u!1001 &2388620464063896293
PrefabInstance:
  m_ObjectHideFlags: 0
  serializedVersion: 2
  m_Modification:
    m_TransformParent: {fileID: 5573055790197334026}
    m_Modifications:
    - target: {fileID: 1687800449740350826, guid: 3028ab0e39c833749909a815e8acdc40, type: 3}
      propertyPath: m_Name
      value: Tuong (2)
      objectReference: {fileID: 0}
    - target: {fileID: 2028754248664416208, guid: 3028ab0e39c833749909a815e8acdc40, type: 3}
      propertyPath: m_RootOrder
      value: 7
      objectReference: {fileID: 0}
    - target: {fileID: 2028754248664416208, guid: 3028ab0e39c833749909a815e8acdc40, type: 3}
      propertyPath: m_LocalScale.z
      value: 1.3372126
      objectReference: {fileID: 0}
    - target: {fileID: 2028754248664416208, guid: 3028ab0e39c833749909a815e8acdc40, type: 3}
      propertyPath: m_LocalPosition.x
      value: -0.040575504
      objectReference: {fileID: 0}
    - target: {fileID: 2028754248664416208, guid: 3028ab0e39c833749909a815e8acdc40, type: 3}
      propertyPath: m_LocalPosition.y
      value: 0.22109509
      objectReference: {fileID: 0}
    - target: {fileID: 2028754248664416208, guid: 3028ab0e39c833749909a815e8acdc40, type: 3}
      propertyPath: m_LocalPosition.z
      value: -1.7256725
      objectReference: {fileID: 0}
    - target: {fileID: 2028754248664416208, guid: 3028ab0e39c833749909a815e8acdc40, type: 3}
      propertyPath: m_LocalRotation.w
      value: 0.5
      objectReference: {fileID: 0}
    - target: {fileID: 2028754248664416208, guid: 3028ab0e39c833749909a815e8acdc40, type: 3}
      propertyPath: m_LocalRotation.x
      value: -0.5
      objectReference: {fileID: 0}
    - target: {fileID: 2028754248664416208, guid: 3028ab0e39c833749909a815e8acdc40, type: 3}
      propertyPath: m_LocalRotation.y
      value: -0.5
      objectReference: {fileID: 0}
    - target: {fileID: 2028754248664416208, guid: 3028ab0e39c833749909a815e8acdc40, type: 3}
      propertyPath: m_LocalRotation.z
      value: -0.5
      objectReference: {fileID: 0}
    - target: {fileID: 2028754248664416208, guid: 3028ab0e39c833749909a815e8acdc40, type: 3}
      propertyPath: m_LocalEulerAnglesHint.x
      value: -90
      objectReference: {fileID: 0}
    - target: {fileID: 2028754248664416208, guid: 3028ab0e39c833749909a815e8acdc40, type: 3}
      propertyPath: m_LocalEulerAnglesHint.y
      value: 0
      objectReference: {fileID: 0}
    - target: {fileID: 2028754248664416208, guid: 3028ab0e39c833749909a815e8acdc40, type: 3}
      propertyPath: m_LocalEulerAnglesHint.z
      value: -90
      objectReference: {fileID: 0}
    m_RemovedComponents: []
  m_SourcePrefab: {fileID: 100100000, guid: 3028ab0e39c833749909a815e8acdc40, type: 3}
--- !u!4 &4395936091412440373 stripped
Transform:
  m_CorrespondingSourceObject: {fileID: 2028754248664416208, guid: 3028ab0e39c833749909a815e8acdc40, type: 3}
  m_PrefabInstance: {fileID: 2388620464063896293}
  m_PrefabAsset: {fileID: 0}
--- !u!1001 &2388620464086002471
PrefabInstance:
  m_ObjectHideFlags: 0
  serializedVersion: 2
  m_Modification:
    m_TransformParent: {fileID: 5573055790197334026}
    m_Modifications:
    - target: {fileID: 1687800449740350826, guid: 3028ab0e39c833749909a815e8acdc40, type: 3}
      propertyPath: m_Name
      value: Tuong (1)
      objectReference: {fileID: 0}
    - target: {fileID: 2028754248664416208, guid: 3028ab0e39c833749909a815e8acdc40, type: 3}
      propertyPath: m_RootOrder
      value: 6
      objectReference: {fileID: 0}
    - target: {fileID: 2028754248664416208, guid: 3028ab0e39c833749909a815e8acdc40, type: 3}
      propertyPath: m_LocalScale.z
      value: 1.3372126
      objectReference: {fileID: 0}
    - target: {fileID: 2028754248664416208, guid: 3028ab0e39c833749909a815e8acdc40, type: 3}
      propertyPath: m_LocalPosition.x
      value: 0.5974245
      objectReference: {fileID: 0}
    - target: {fileID: 2028754248664416208, guid: 3028ab0e39c833749909a815e8acdc40, type: 3}
      propertyPath: m_LocalPosition.y
      value: 0.22109509
      objectReference: {fileID: 0}
    - target: {fileID: 2028754248664416208, guid: 3028ab0e39c833749909a815e8acdc40, type: 3}
      propertyPath: m_LocalPosition.z
      value: -1.7256725
      objectReference: {fileID: 0}
    - target: {fileID: 2028754248664416208, guid: 3028ab0e39c833749909a815e8acdc40, type: 3}
      propertyPath: m_LocalRotation.w
      value: 0.5
      objectReference: {fileID: 0}
    - target: {fileID: 2028754248664416208, guid: 3028ab0e39c833749909a815e8acdc40, type: 3}
      propertyPath: m_LocalRotation.x
      value: -0.5
      objectReference: {fileID: 0}
    - target: {fileID: 2028754248664416208, guid: 3028ab0e39c833749909a815e8acdc40, type: 3}
      propertyPath: m_LocalRotation.y
      value: -0.5
      objectReference: {fileID: 0}
    - target: {fileID: 2028754248664416208, guid: 3028ab0e39c833749909a815e8acdc40, type: 3}
      propertyPath: m_LocalRotation.z
      value: -0.5
      objectReference: {fileID: 0}
    - target: {fileID: 2028754248664416208, guid: 3028ab0e39c833749909a815e8acdc40, type: 3}
      propertyPath: m_LocalEulerAnglesHint.x
      value: -90
      objectReference: {fileID: 0}
    - target: {fileID: 2028754248664416208, guid: 3028ab0e39c833749909a815e8acdc40, type: 3}
      propertyPath: m_LocalEulerAnglesHint.y
      value: 0
      objectReference: {fileID: 0}
    - target: {fileID: 2028754248664416208, guid: 3028ab0e39c833749909a815e8acdc40, type: 3}
      propertyPath: m_LocalEulerAnglesHint.z
      value: -90
      objectReference: {fileID: 0}
    m_RemovedComponents: []
  m_SourcePrefab: {fileID: 100100000, guid: 3028ab0e39c833749909a815e8acdc40, type: 3}
--- !u!4 &4395936091164103927 stripped
Transform:
  m_CorrespondingSourceObject: {fileID: 2028754248664416208, guid: 3028ab0e39c833749909a815e8acdc40, type: 3}
  m_PrefabInstance: {fileID: 2388620464086002471}
  m_PrefabAsset: {fileID: 0}
--- !u!1001 &2388620464907919301
PrefabInstance:
  m_ObjectHideFlags: 0
  serializedVersion: 2
  m_Modification:
    m_TransformParent: {fileID: 5573055790197334026}
    m_Modifications:
    - target: {fileID: -8815141451321210650, guid: 3789ab5ded1dbe44d9dbcaa76d9dc7ae, type: 3}
      propertyPath: m_Materials.Array.data[0]
      value: 
      objectReference: {fileID: 2100000, guid: 1e11425f5e87c0b4484138bc014f431e, type: 2}
    - target: {fileID: -8679921383154817045, guid: 3789ab5ded1dbe44d9dbcaa76d9dc7ae, type: 3}
      propertyPath: m_RootOrder
      value: 11
      objectReference: {fileID: 0}
    - target: {fileID: -8679921383154817045, guid: 3789ab5ded1dbe44d9dbcaa76d9dc7ae, type: 3}
      propertyPath: m_LocalScale.x
      value: 0.15
      objectReference: {fileID: 0}
    - target: {fileID: -8679921383154817045, guid: 3789ab5ded1dbe44d9dbcaa76d9dc7ae, type: 3}
      propertyPath: m_LocalScale.y
      value: 0.10000002
      objectReference: {fileID: 0}
    - target: {fileID: -8679921383154817045, guid: 3789ab5ded1dbe44d9dbcaa76d9dc7ae, type: 3}
      propertyPath: m_LocalScale.z
      value: 0.17784923
      objectReference: {fileID: 0}
    - target: {fileID: -8679921383154817045, guid: 3789ab5ded1dbe44d9dbcaa76d9dc7ae, type: 3}
      propertyPath: m_LocalPosition.x
      value: -0.52457523
      objectReference: {fileID: 0}
    - target: {fileID: -8679921383154817045, guid: 3789ab5ded1dbe44d9dbcaa76d9dc7ae, type: 3}
      propertyPath: m_LocalPosition.y
      value: 0.027194023
      objectReference: {fileID: 0}
    - target: {fileID: -8679921383154817045, guid: 3789ab5ded1dbe44d9dbcaa76d9dc7ae, type: 3}
      propertyPath: m_LocalPosition.z
      value: 1.7353275
      objectReference: {fileID: 0}
    - target: {fileID: -8679921383154817045, guid: 3789ab5ded1dbe44d9dbcaa76d9dc7ae, type: 3}
      propertyPath: m_LocalRotation.w
      value: 0.7071068
      objectReference: {fileID: 0}
    - target: {fileID: -8679921383154817045, guid: 3789ab5ded1dbe44d9dbcaa76d9dc7ae, type: 3}
      propertyPath: m_LocalRotation.x
      value: -0.7071068
      objectReference: {fileID: 0}
    - target: {fileID: -8679921383154817045, guid: 3789ab5ded1dbe44d9dbcaa76d9dc7ae, type: 3}
      propertyPath: m_LocalRotation.y
      value: -0
      objectReference: {fileID: 0}
    - target: {fileID: -8679921383154817045, guid: 3789ab5ded1dbe44d9dbcaa76d9dc7ae, type: 3}
      propertyPath: m_LocalRotation.z
      value: -0
      objectReference: {fileID: 0}
    - target: {fileID: -8679921383154817045, guid: 3789ab5ded1dbe44d9dbcaa76d9dc7ae, type: 3}
      propertyPath: m_LocalEulerAnglesHint.x
      value: -90
      objectReference: {fileID: 0}
    - target: {fileID: -8679921383154817045, guid: 3789ab5ded1dbe44d9dbcaa76d9dc7ae, type: 3}
      propertyPath: m_LocalEulerAnglesHint.y
      value: 0
      objectReference: {fileID: 0}
    - target: {fileID: -8679921383154817045, guid: 3789ab5ded1dbe44d9dbcaa76d9dc7ae, type: 3}
      propertyPath: m_LocalEulerAnglesHint.z
      value: 0
      objectReference: {fileID: 0}
    - target: {fileID: -7793092363497038465, guid: 3789ab5ded1dbe44d9dbcaa76d9dc7ae, type: 3}
      propertyPath: m_Materials.Array.data[0]
      value: 
      objectReference: {fileID: 2100000, guid: 2f2e7170846a84f46a21e3fc3fb96780, type: 2}
    - target: {fileID: -5580761003932271338, guid: 3789ab5ded1dbe44d9dbcaa76d9dc7ae, type: 3}
      propertyPath: m_Materials.Array.data[0]
      value: 
      objectReference: {fileID: 2100000, guid: 1e11425f5e87c0b4484138bc014f431e, type: 2}
    - target: {fileID: -1630745035084564717, guid: 3789ab5ded1dbe44d9dbcaa76d9dc7ae, type: 3}
      propertyPath: m_Materials.Array.data[0]
      value: 
      objectReference: {fileID: 2100000, guid: 1e11425f5e87c0b4484138bc014f431e, type: 2}
    - target: {fileID: -582787073032894534, guid: 3789ab5ded1dbe44d9dbcaa76d9dc7ae, type: 3}
      propertyPath: m_IsActive
      value: 0
      objectReference: {fileID: 0}
    - target: {fileID: -379962504039248016, guid: 3789ab5ded1dbe44d9dbcaa76d9dc7ae, type: 3}
      propertyPath: m_Materials.Array.data[0]
      value: 
      objectReference: {fileID: 2100000, guid: 1e11425f5e87c0b4484138bc014f431e, type: 2}
    - target: {fileID: 919132149155446097, guid: 3789ab5ded1dbe44d9dbcaa76d9dc7ae, type: 3}
      propertyPath: m_Name
      value: Cua (1)
      objectReference: {fileID: 0}
    - target: {fileID: 2178258261927694636, guid: 3789ab5ded1dbe44d9dbcaa76d9dc7ae, type: 3}
      propertyPath: m_Materials.Array.data[0]
      value: 
      objectReference: {fileID: 2100000, guid: 1e11425f5e87c0b4484138bc014f431e, type: 2}
    - target: {fileID: 4899442106729721091, guid: 3789ab5ded1dbe44d9dbcaa76d9dc7ae, type: 3}
      propertyPath: m_Materials.Array.data[0]
      value: 
      objectReference: {fileID: 2100000, guid: 1e11425f5e87c0b4484138bc014f431e, type: 2}
    - target: {fileID: 8881125443039541744, guid: 3789ab5ded1dbe44d9dbcaa76d9dc7ae, type: 3}
      propertyPath: m_Materials.Array.data[0]
      value: 
      objectReference: {fileID: 2100000, guid: 2f2e7170846a84f46a21e3fc3fb96780, type: 2}
    - target: {fileID: 8992008506417400025, guid: 3789ab5ded1dbe44d9dbcaa76d9dc7ae, type: 3}
      propertyPath: m_Materials.Array.data[0]
      value: 
      objectReference: {fileID: 2100000, guid: 1e11425f5e87c0b4484138bc014f431e, type: 2}
    m_RemovedComponents: []
  m_SourcePrefab: {fileID: 100100000, guid: 3789ab5ded1dbe44d9dbcaa76d9dc7ae, type: 3}
--- !u!4 &2786792301147322414 stripped
Transform:
  m_CorrespondingSourceObject: {fileID: -8679921383154817045, guid: 3789ab5ded1dbe44d9dbcaa76d9dc7ae, type: 3}
  m_PrefabInstance: {fileID: 2388620464907919301}
  m_PrefabAsset: {fileID: 0}
--- !u!1001 &2388620464962306078
PrefabInstance:
  m_ObjectHideFlags: 0
  serializedVersion: 2
  m_Modification:
    m_TransformParent: {fileID: 5573055790197334026}
    m_Modifications:
    - target: {fileID: 1687800449740350826, guid: 3028ab0e39c833749909a815e8acdc40, type: 3}
      propertyPath: m_Name
      value: Tuong (4)
      objectReference: {fileID: 0}
    - target: {fileID: 2028754248664416208, guid: 3028ab0e39c833749909a815e8acdc40, type: 3}
      propertyPath: m_RootOrder
      value: 9
      objectReference: {fileID: 0}
    - target: {fileID: 2028754248664416208, guid: 3028ab0e39c833749909a815e8acdc40, type: 3}
      propertyPath: m_LocalScale.z
      value: 1.3372126
      objectReference: {fileID: 0}
    - target: {fileID: 2028754248664416208, guid: 3028ab0e39c833749909a815e8acdc40, type: 3}
      propertyPath: m_LocalPosition.x
      value: -1.3085756
      objectReference: {fileID: 0}
    - target: {fileID: 2028754248664416208, guid: 3028ab0e39c833749909a815e8acdc40, type: 3}
      propertyPath: m_LocalPosition.y
      value: 0.22109509
      objectReference: {fileID: 0}
    - target: {fileID: 2028754248664416208, guid: 3028ab0e39c833749909a815e8acdc40, type: 3}
      propertyPath: m_LocalPosition.z
      value: -1.7256725
      objectReference: {fileID: 0}
    - target: {fileID: 2028754248664416208, guid: 3028ab0e39c833749909a815e8acdc40, type: 3}
      propertyPath: m_LocalRotation.w
      value: 0.5
      objectReference: {fileID: 0}
    - target: {fileID: 2028754248664416208, guid: 3028ab0e39c833749909a815e8acdc40, type: 3}
      propertyPath: m_LocalRotation.x
      value: -0.5
      objectReference: {fileID: 0}
    - target: {fileID: 2028754248664416208, guid: 3028ab0e39c833749909a815e8acdc40, type: 3}
      propertyPath: m_LocalRotation.y
      value: -0.5
      objectReference: {fileID: 0}
    - target: {fileID: 2028754248664416208, guid: 3028ab0e39c833749909a815e8acdc40, type: 3}
      propertyPath: m_LocalRotation.z
      value: -0.5
      objectReference: {fileID: 0}
    - target: {fileID: 2028754248664416208, guid: 3028ab0e39c833749909a815e8acdc40, type: 3}
      propertyPath: m_LocalEulerAnglesHint.x
      value: -90
      objectReference: {fileID: 0}
    - target: {fileID: 2028754248664416208, guid: 3028ab0e39c833749909a815e8acdc40, type: 3}
      propertyPath: m_LocalEulerAnglesHint.y
      value: 0
      objectReference: {fileID: 0}
    - target: {fileID: 2028754248664416208, guid: 3028ab0e39c833749909a815e8acdc40, type: 3}
      propertyPath: m_LocalEulerAnglesHint.z
      value: -90
      objectReference: {fileID: 0}
    m_RemovedComponents: []
  m_SourcePrefab: {fileID: 100100000, guid: 3028ab0e39c833749909a815e8acdc40, type: 3}
--- !u!4 &4395936092041936846 stripped
Transform:
  m_CorrespondingSourceObject: {fileID: 2028754248664416208, guid: 3028ab0e39c833749909a815e8acdc40, type: 3}
  m_PrefabInstance: {fileID: 2388620464962306078}
  m_PrefabAsset: {fileID: 0}
--- !u!1001 &2388620465071252234
PrefabInstance:
  m_ObjectHideFlags: 0
  serializedVersion: 2
  m_Modification:
    m_TransformParent: {fileID: 5573055790197334026}
    m_Modifications:
    - target: {fileID: 1687800449740350826, guid: 3028ab0e39c833749909a815e8acdc40, type: 3}
      propertyPath: m_Name
      value: Tuong (3)
      objectReference: {fileID: 0}
    - target: {fileID: 2028754248664416208, guid: 3028ab0e39c833749909a815e8acdc40, type: 3}
      propertyPath: m_RootOrder
      value: 8
      objectReference: {fileID: 0}
    - target: {fileID: 2028754248664416208, guid: 3028ab0e39c833749909a815e8acdc40, type: 3}
      propertyPath: m_LocalScale.z
      value: 1.3372126
      objectReference: {fileID: 0}
    - target: {fileID: 2028754248664416208, guid: 3028ab0e39c833749909a815e8acdc40, type: 3}
      propertyPath: m_LocalPosition.x
      value: -0.6745753
      objectReference: {fileID: 0}
    - target: {fileID: 2028754248664416208, guid: 3028ab0e39c833749909a815e8acdc40, type: 3}
      propertyPath: m_LocalPosition.y
      value: 0.22109509
      objectReference: {fileID: 0}
    - target: {fileID: 2028754248664416208, guid: 3028ab0e39c833749909a815e8acdc40, type: 3}
      propertyPath: m_LocalPosition.z
      value: -1.7256725
      objectReference: {fileID: 0}
    - target: {fileID: 2028754248664416208, guid: 3028ab0e39c833749909a815e8acdc40, type: 3}
      propertyPath: m_LocalRotation.w
      value: 0.5
      objectReference: {fileID: 0}
    - target: {fileID: 2028754248664416208, guid: 3028ab0e39c833749909a815e8acdc40, type: 3}
      propertyPath: m_LocalRotation.x
      value: -0.5
      objectReference: {fileID: 0}
    - target: {fileID: 2028754248664416208, guid: 3028ab0e39c833749909a815e8acdc40, type: 3}
      propertyPath: m_LocalRotation.y
      value: -0.5
      objectReference: {fileID: 0}
    - target: {fileID: 2028754248664416208, guid: 3028ab0e39c833749909a815e8acdc40, type: 3}
      propertyPath: m_LocalRotation.z
      value: -0.5
      objectReference: {fileID: 0}
    - target: {fileID: 2028754248664416208, guid: 3028ab0e39c833749909a815e8acdc40, type: 3}
      propertyPath: m_LocalEulerAnglesHint.x
      value: -90
      objectReference: {fileID: 0}
    - target: {fileID: 2028754248664416208, guid: 3028ab0e39c833749909a815e8acdc40, type: 3}
      propertyPath: m_LocalEulerAnglesHint.y
      value: 0
      objectReference: {fileID: 0}
    - target: {fileID: 2028754248664416208, guid: 3028ab0e39c833749909a815e8acdc40, type: 3}
      propertyPath: m_LocalEulerAnglesHint.z
      value: -90
      objectReference: {fileID: 0}
    m_RemovedComponents: []
  m_SourcePrefab: {fileID: 100100000, guid: 3028ab0e39c833749909a815e8acdc40, type: 3}
--- !u!4 &4395936092419267802 stripped
Transform:
  m_CorrespondingSourceObject: {fileID: 2028754248664416208, guid: 3028ab0e39c833749909a815e8acdc40, type: 3}
  m_PrefabInstance: {fileID: 2388620465071252234}
  m_PrefabAsset: {fileID: 0}
--- !u!1001 &2388620465366050742
PrefabInstance:
  m_ObjectHideFlags: 0
  serializedVersion: 2
  m_Modification:
    m_TransformParent: {fileID: 5573055790197334026}
    m_Modifications:
    - target: {fileID: 4947682129898240992, guid: 02d8f7b398d88c141a3325ba675a94a7, type: 3}
      propertyPath: m_Name
      value: Khung Cua
      objectReference: {fileID: 0}
    - target: {fileID: 5841587323380413008, guid: 02d8f7b398d88c141a3325ba675a94a7, type: 3}
      propertyPath: m_LocalScale.x
      value: 0.28122136
      objectReference: {fileID: 0}
    - target: {fileID: 5841587323380413008, guid: 02d8f7b398d88c141a3325ba675a94a7, type: 3}
      propertyPath: m_LocalPosition.x
      value: -0.0208
      objectReference: {fileID: 0}
    - target: {fileID: 5841587323380413008, guid: 02d8f7b398d88c141a3325ba675a94a7, type: 3}
      propertyPath: m_LocalPosition.y
      value: 0.2275
      objectReference: {fileID: 0}
    - target: {fileID: 5841587323380413008, guid: 02d8f7b398d88c141a3325ba675a94a7, type: 3}
      propertyPath: m_LocalPosition.z
      value: -0.1192
      objectReference: {fileID: 0}
    - target: {fileID: 6087360678050123178, guid: 02d8f7b398d88c141a3325ba675a94a7, type: 3}
      propertyPath: m_LocalScale.x
      value: 0.28122136
      objectReference: {fileID: 0}
    - target: {fileID: 6087360678050123178, guid: 02d8f7b398d88c141a3325ba675a94a7, type: 3}
      propertyPath: m_LocalPosition.x
      value: -0.0208
      objectReference: {fileID: 0}
    - target: {fileID: 6087360678050123178, guid: 02d8f7b398d88c141a3325ba675a94a7, type: 3}
      propertyPath: m_LocalPosition.y
      value: 0.2275
      objectReference: {fileID: 0}
    - target: {fileID: 6087360678050123178, guid: 02d8f7b398d88c141a3325ba675a94a7, type: 3}
      propertyPath: m_LocalPosition.z
      value: -0.1192
      objectReference: {fileID: 0}
    - target: {fileID: 8765491134923844027, guid: 02d8f7b398d88c141a3325ba675a94a7, type: 3}
      propertyPath: m_RootOrder
      value: 3
      objectReference: {fileID: 0}
    - target: {fileID: 8765491134923844027, guid: 02d8f7b398d88c141a3325ba675a94a7, type: 3}
      propertyPath: m_LocalScale.y
      value: 1.3499998
      objectReference: {fileID: 0}
    - target: {fileID: 8765491134923844027, guid: 02d8f7b398d88c141a3325ba675a94a7, type: 3}
      propertyPath: m_LocalScale.z
      value: 1.0674032
      objectReference: {fileID: 0}
    - target: {fileID: 8765491134923844027, guid: 02d8f7b398d88c141a3325ba675a94a7, type: 3}
      propertyPath: m_LocalPosition.x
      value: 1.5764246
      objectReference: {fileID: 0}
    - target: {fileID: 8765491134923844027, guid: 02d8f7b398d88c141a3325ba675a94a7, type: 3}
      propertyPath: m_LocalPosition.y
      value: 0.21569443
      objectReference: {fileID: 0}
    - target: {fileID: 8765491134923844027, guid: 02d8f7b398d88c141a3325ba675a94a7, type: 3}
      propertyPath: m_LocalPosition.z
      value: 0.61432743
      objectReference: {fileID: 0}
    - target: {fileID: 8765491134923844027, guid: 02d8f7b398d88c141a3325ba675a94a7, type: 3}
      propertyPath: m_LocalRotation.w
      value: 0.7071068
      objectReference: {fileID: 0}
    - target: {fileID: 8765491134923844027, guid: 02d8f7b398d88c141a3325ba675a94a7, type: 3}
      propertyPath: m_LocalRotation.x
      value: -0.7071068
      objectReference: {fileID: 0}
    - target: {fileID: 8765491134923844027, guid: 02d8f7b398d88c141a3325ba675a94a7, type: 3}
      propertyPath: m_LocalRotation.y
      value: -0
      objectReference: {fileID: 0}
    - target: {fileID: 8765491134923844027, guid: 02d8f7b398d88c141a3325ba675a94a7, type: 3}
      propertyPath: m_LocalRotation.z
      value: -0
      objectReference: {fileID: 0}
    - target: {fileID: 8765491134923844027, guid: 02d8f7b398d88c141a3325ba675a94a7, type: 3}
      propertyPath: m_LocalEulerAnglesHint.x
      value: 0
      objectReference: {fileID: 0}
    - target: {fileID: 8765491134923844027, guid: 02d8f7b398d88c141a3325ba675a94a7, type: 3}
      propertyPath: m_LocalEulerAnglesHint.y
      value: 0
      objectReference: {fileID: 0}
    - target: {fileID: 8765491134923844027, guid: 02d8f7b398d88c141a3325ba675a94a7, type: 3}
      propertyPath: m_LocalEulerAnglesHint.z
      value: 0
      objectReference: {fileID: 0}
    m_RemovedComponents: []
  m_SourcePrefab: {fileID: 100100000, guid: 02d8f7b398d88c141a3325ba675a94a7, type: 3}
--- !u!4 &6378031754005417485 stripped
Transform:
  m_CorrespondingSourceObject: {fileID: 8765491134923844027, guid: 02d8f7b398d88c141a3325ba675a94a7, type: 3}
  m_PrefabInstance: {fileID: 2388620465366050742}
  m_PrefabAsset: {fileID: 0}
--- !u!1001 &2388620465434720721
PrefabInstance:
  m_ObjectHideFlags: 0
  serializedVersion: 2
  m_Modification:
    m_TransformParent: {fileID: 5573055790197334026}
    m_Modifications:
    - target: {fileID: 394721090988021878, guid: 0e0ed21be317f814c9e26c94ca8733b6, type: 3}
      propertyPath: m_LocalScale.z
      value: 1.138998
      objectReference: {fileID: 0}
    - target: {fileID: 394721090988021878, guid: 0e0ed21be317f814c9e26c94ca8733b6, type: 3}
      propertyPath: m_LocalPosition.x
      value: 0.023
      objectReference: {fileID: 0}
    - target: {fileID: 394721090988021878, guid: 0e0ed21be317f814c9e26c94ca8733b6, type: 3}
      propertyPath: m_LocalPosition.y
      value: 1.68
      objectReference: {fileID: 0}
    - target: {fileID: 394721090988021878, guid: 0e0ed21be317f814c9e26c94ca8733b6, type: 3}
      propertyPath: m_LocalPosition.z
      value: -0.33
      objectReference: {fileID: 0}
    - target: {fileID: 773358708016257802, guid: 0e0ed21be317f814c9e26c94ca8733b6, type: 3}
      propertyPath: m_Materials.Array.data[0]
      value: 
      objectReference: {fileID: 2100000, guid: 56b6c8088c4e8a1479c1ae9196384be5, type: 2}
    - target: {fileID: 1941237776570141360, guid: 0e0ed21be317f814c9e26c94ca8733b6, type: 3}
      propertyPath: m_LocalPosition.x
      value: 2.19
      objectReference: {fileID: 0}
    - target: {fileID: 1941237776570141360, guid: 0e0ed21be317f814c9e26c94ca8733b6, type: 3}
      propertyPath: m_LocalPosition.z
      value: -8.31
      objectReference: {fileID: 0}
    - target: {fileID: 1941237776590125155, guid: 0e0ed21be317f814c9e26c94ca8733b6, type: 3}
      propertyPath: m_LocalPosition.x
      value: -5.257
      objectReference: {fileID: 0}
    - target: {fileID: 1941237776590125155, guid: 0e0ed21be317f814c9e26c94ca8733b6, type: 3}
      propertyPath: m_LocalPosition.y
      value: 2.467
      objectReference: {fileID: 0}
    - target: {fileID: 1941237776590125155, guid: 0e0ed21be317f814c9e26c94ca8733b6, type: 3}
      propertyPath: m_LocalPosition.z
      value: -7.505
      objectReference: {fileID: 0}
    - target: {fileID: 1941237776699960161, guid: 0e0ed21be317f814c9e26c94ca8733b6, type: 3}
      propertyPath: m_LocalPosition.x
      value: 1.58
      objectReference: {fileID: 0}
    - target: {fileID: 1941237776699960161, guid: 0e0ed21be317f814c9e26c94ca8733b6, type: 3}
      propertyPath: m_LocalPosition.z
      value: -7.14
      objectReference: {fileID: 0}
    - target: {fileID: 1941237776706984018, guid: 0e0ed21be317f814c9e26c94ca8733b6, type: 3}
      propertyPath: m_LocalPosition.x
      value: 1.58
      objectReference: {fileID: 0}
    - target: {fileID: 1941237776706984018, guid: 0e0ed21be317f814c9e26c94ca8733b6, type: 3}
      propertyPath: m_LocalPosition.z
      value: -5.9
      objectReference: {fileID: 0}
    - target: {fileID: 1941237776779197465, guid: 0e0ed21be317f814c9e26c94ca8733b6, type: 3}
      propertyPath: m_LocalScale.x
      value: 0.2
      objectReference: {fileID: 0}
    - target: {fileID: 1941237776779197465, guid: 0e0ed21be317f814c9e26c94ca8733b6, type: 3}
      propertyPath: m_LocalScale.y
      value: 0.2
      objectReference: {fileID: 0}
    - target: {fileID: 1941237776779197465, guid: 0e0ed21be317f814c9e26c94ca8733b6, type: 3}
      propertyPath: m_LocalScale.z
      value: 0.2
      objectReference: {fileID: 0}
    - target: {fileID: 1941237776779197465, guid: 0e0ed21be317f814c9e26c94ca8733b6, type: 3}
      propertyPath: m_LocalPosition.x
      value: -4.52
      objectReference: {fileID: 0}
    - target: {fileID: 1941237776779197465, guid: 0e0ed21be317f814c9e26c94ca8733b6, type: 3}
      propertyPath: m_LocalPosition.y
      value: 0.535
      objectReference: {fileID: 0}
    - target: {fileID: 1941237776779197465, guid: 0e0ed21be317f814c9e26c94ca8733b6, type: 3}
      propertyPath: m_LocalPosition.z
      value: -12.509
      objectReference: {fileID: 0}
    - target: {fileID: 1941237776799453768, guid: 0e0ed21be317f814c9e26c94ca8733b6, type: 3}
      propertyPath: m_LocalPosition.x
      value: -0.74
      objectReference: {fileID: 0}
    - target: {fileID: 1941237776799453768, guid: 0e0ed21be317f814c9e26c94ca8733b6, type: 3}
      propertyPath: m_LocalPosition.y
      value: 0.461
      objectReference: {fileID: 0}
    - target: {fileID: 1941237776799453768, guid: 0e0ed21be317f814c9e26c94ca8733b6, type: 3}
      propertyPath: m_LocalPosition.z
      value: -6.93
      objectReference: {fileID: 0}
    - target: {fileID: 1941237776821242473, guid: 0e0ed21be317f814c9e26c94ca8733b6, type: 3}
      propertyPath: m_LocalPosition.x
      value: 0.64
      objectReference: {fileID: 0}
    - target: {fileID: 1941237776821242473, guid: 0e0ed21be317f814c9e26c94ca8733b6, type: 3}
      propertyPath: m_LocalPosition.y
      value: 3.947
      objectReference: {fileID: 0}
    - target: {fileID: 1941237776821242473, guid: 0e0ed21be317f814c9e26c94ca8733b6, type: 3}
      propertyPath: m_LocalPosition.z
      value: -8.58
      objectReference: {fileID: 0}
    - target: {fileID: 1941237776826166664, guid: 0e0ed21be317f814c9e26c94ca8733b6, type: 3}
      propertyPath: m_LocalPosition.x
      value: 1.58
      objectReference: {fileID: 0}
    - target: {fileID: 1941237776826166664, guid: 0e0ed21be317f814c9e26c94ca8733b6, type: 3}
      propertyPath: m_LocalPosition.z
      value: -9.61
      objectReference: {fileID: 0}
    - target: {fileID: 1941237776969021997, guid: 0e0ed21be317f814c9e26c94ca8733b6, type: 3}
      propertyPath: m_LocalPosition.x
      value: 2.238
      objectReference: {fileID: 0}
    - target: {fileID: 1941237776969021997, guid: 0e0ed21be317f814c9e26c94ca8733b6, type: 3}
      propertyPath: m_LocalPosition.y
      value: 1.011
      objectReference: {fileID: 0}
    - target: {fileID: 1941237776969021997, guid: 0e0ed21be317f814c9e26c94ca8733b6, type: 3}
      propertyPath: m_LocalPosition.z
      value: -11.968
      objectReference: {fileID: 0}
    - target: {fileID: 1941237777102080155, guid: 0e0ed21be317f814c9e26c94ca8733b6, type: 3}
      propertyPath: m_LocalPosition.x
      value: -4.188
      objectReference: {fileID: 0}
    - target: {fileID: 1941237777102080155, guid: 0e0ed21be317f814c9e26c94ca8733b6, type: 3}
      propertyPath: m_LocalPosition.y
      value: 1.038
      objectReference: {fileID: 0}
    - target: {fileID: 1941237777102080155, guid: 0e0ed21be317f814c9e26c94ca8733b6, type: 3}
      propertyPath: m_LocalPosition.z
      value: -6.071
      objectReference: {fileID: 0}
    - target: {fileID: 1941237777144501078, guid: 0e0ed21be317f814c9e26c94ca8733b6, type: 3}
      propertyPath: m_LocalPosition.x
      value: 2.19
      objectReference: {fileID: 0}
    - target: {fileID: 1941237777144501078, guid: 0e0ed21be317f814c9e26c94ca8733b6, type: 3}
      propertyPath: m_LocalPosition.z
      value: -5.83
      objectReference: {fileID: 0}
    - target: {fileID: 1941237777168335640, guid: 0e0ed21be317f814c9e26c94ca8733b6, type: 3}
      propertyPath: m_LocalPosition.x
      value: 1.95
      objectReference: {fileID: 0}
    - target: {fileID: 1941237777168335640, guid: 0e0ed21be317f814c9e26c94ca8733b6, type: 3}
      propertyPath: m_LocalPosition.y
      value: 0.46
      objectReference: {fileID: 0}
    - target: {fileID: 1941237777168335640, guid: 0e0ed21be317f814c9e26c94ca8733b6, type: 3}
      propertyPath: m_LocalPosition.z
      value: -11.53
      objectReference: {fileID: 0}
    - target: {fileID: 1941237777251591950, guid: 0e0ed21be317f814c9e26c94ca8733b6, type: 3}
      propertyPath: m_LocalPosition.x
      value: 1.58
      objectReference: {fileID: 0}
    - target: {fileID: 1941237777251591950, guid: 0e0ed21be317f814c9e26c94ca8733b6, type: 3}
      propertyPath: m_LocalPosition.z
      value: -6.8
      objectReference: {fileID: 0}
    - target: {fileID: 1941237777270877513, guid: 0e0ed21be317f814c9e26c94ca8733b6, type: 3}
      propertyPath: m_LocalPosition.x
      value: 2.917
      objectReference: {fileID: 0}
    - target: {fileID: 1941237777270877513, guid: 0e0ed21be317f814c9e26c94ca8733b6, type: 3}
      propertyPath: m_LocalPosition.y
      value: 1.006
      objectReference: {fileID: 0}
    - target: {fileID: 1941237777270877513, guid: 0e0ed21be317f814c9e26c94ca8733b6, type: 3}
      propertyPath: m_LocalPosition.z
      value: -11.933
      objectReference: {fileID: 0}
    - target: {fileID: 1941237777303930918, guid: 0e0ed21be317f814c9e26c94ca8733b6, type: 3}
      propertyPath: m_LocalPosition.x
      value: -1.86
      objectReference: {fileID: 0}
    - target: {fileID: 1941237777303930918, guid: 0e0ed21be317f814c9e26c94ca8733b6, type: 3}
      propertyPath: m_LocalPosition.y
      value: 3.947
      objectReference: {fileID: 0}
    - target: {fileID: 1941237777303930918, guid: 0e0ed21be317f814c9e26c94ca8733b6, type: 3}
      propertyPath: m_LocalPosition.z
      value: -8.58
      objectReference: {fileID: 0}
    - target: {fileID: 1941237777335959731, guid: 0e0ed21be317f814c9e26c94ca8733b6, type: 3}
      propertyPath: m_LocalPosition.x
      value: -3.818
      objectReference: {fileID: 0}
    - target: {fileID: 1941237777335959731, guid: 0e0ed21be317f814c9e26c94ca8733b6, type: 3}
      propertyPath: m_LocalPosition.y
      value: 1.255
      objectReference: {fileID: 0}
    - target: {fileID: 1941237777335959731, guid: 0e0ed21be317f814c9e26c94ca8733b6, type: 3}
      propertyPath: m_LocalPosition.z
      value: -5.998
      objectReference: {fileID: 0}
    - target: {fileID: 1941237777336162140, guid: 0e0ed21be317f814c9e26c94ca8733b6, type: 3}
      propertyPath: m_LocalPosition.x
      value: 1.25
      objectReference: {fileID: 0}
    - target: {fileID: 1941237777336162140, guid: 0e0ed21be317f814c9e26c94ca8733b6, type: 3}
      propertyPath: m_LocalPosition.z
      value: -9.58
      objectReference: {fileID: 0}
    - target: {fileID: 1941237777340451888, guid: 0e0ed21be317f814c9e26c94ca8733b6, type: 3}
      propertyPath: m_LocalPosition.x
      value: -4.192
      objectReference: {fileID: 0}
    - target: {fileID: 1941237777340451888, guid: 0e0ed21be317f814c9e26c94ca8733b6, type: 3}
      propertyPath: m_LocalPosition.y
      value: 1.045
      objectReference: {fileID: 0}
    - target: {fileID: 1941237777340451888, guid: 0e0ed21be317f814c9e26c94ca8733b6, type: 3}
      propertyPath: m_LocalPosition.z
      value: -5.729
      objectReference: {fileID: 0}
    - target: {fileID: 1941237777344517724, guid: 0e0ed21be317f814c9e26c94ca8733b6, type: 3}
      propertyPath: m_LocalPosition.x
      value: 1.19
      objectReference: {fileID: 0}
    - target: {fileID: 1941237777344517724, guid: 0e0ed21be317f814c9e26c94ca8733b6, type: 3}
      propertyPath: m_LocalPosition.z
      value: -5.87
      objectReference: {fileID: 0}
    - target: {fileID: 1941237777426926028, guid: 0e0ed21be317f814c9e26c94ca8733b6, type: 3}
      propertyPath: m_LocalPosition.x
      value: 2.19
      objectReference: {fileID: 0}
    - target: {fileID: 1941237777426926028, guid: 0e0ed21be317f814c9e26c94ca8733b6, type: 3}
      propertyPath: m_LocalPosition.z
      value: -9.54
      objectReference: {fileID: 0}
    - target: {fileID: 1941237777457567725, guid: 0e0ed21be317f814c9e26c94ca8733b6, type: 3}
      propertyPath: m_LocalPosition.x
      value: 1.25
      objectReference: {fileID: 0}
    - target: {fileID: 1941237777457567725, guid: 0e0ed21be317f814c9e26c94ca8733b6, type: 3}
      propertyPath: m_LocalPosition.z
      value: -7.12
      objectReference: {fileID: 0}
    - target: {fileID: 1941237777470079851, guid: 0e0ed21be317f814c9e26c94ca8733b6, type: 3}
      propertyPath: m_LocalPosition.x
      value: 1.19
      objectReference: {fileID: 0}
    - target: {fileID: 1941237777470079851, guid: 0e0ed21be317f814c9e26c94ca8733b6, type: 3}
      propertyPath: m_LocalPosition.z
      value: -9.57
      objectReference: {fileID: 0}
    - target: {fileID: 1941237777471735126, guid: 0e0ed21be317f814c9e26c94ca8733b6, type: 3}
      propertyPath: m_LocalPosition.x
      value: 1.58
      objectReference: {fileID: 0}
    - target: {fileID: 1941237777471735126, guid: 0e0ed21be317f814c9e26c94ca8733b6, type: 3}
      propertyPath: m_LocalPosition.z
      value: -5.56
      objectReference: {fileID: 0}
    - target: {fileID: 1941237777524645071, guid: 0e0ed21be317f814c9e26c94ca8733b6, type: 3}
      propertyPath: m_LocalPosition.x
      value: 1.25
      objectReference: {fileID: 0}
    - target: {fileID: 1941237777524645071, guid: 0e0ed21be317f814c9e26c94ca8733b6, type: 3}
      propertyPath: m_LocalPosition.z
      value: -8.35
      objectReference: {fileID: 0}
    - target: {fileID: 1941237777610196998, guid: 0e0ed21be317f814c9e26c94ca8733b6, type: 3}
      propertyPath: m_LocalPosition.x
      value: -3.901
      objectReference: {fileID: 0}
    - target: {fileID: 1941237777610196998, guid: 0e0ed21be317f814c9e26c94ca8733b6, type: 3}
      propertyPath: m_LocalPosition.y
      value: 0.621
      objectReference: {fileID: 0}
    - target: {fileID: 1941237777610196998, guid: 0e0ed21be317f814c9e26c94ca8733b6, type: 3}
      propertyPath: m_LocalPosition.z
      value: -6
      objectReference: {fileID: 0}
    - target: {fileID: 1941237777728189951, guid: 0e0ed21be317f814c9e26c94ca8733b6, type: 3}
      propertyPath: m_LocalPosition.x
      value: -0.64
      objectReference: {fileID: 0}
    - target: {fileID: 1941237777728189951, guid: 0e0ed21be317f814c9e26c94ca8733b6, type: 3}
      propertyPath: m_LocalPosition.y
      value: 3.897
      objectReference: {fileID: 0}
    - target: {fileID: 1941237777728189951, guid: 0e0ed21be317f814c9e26c94ca8733b6, type: 3}
      propertyPath: m_LocalPosition.z
      value: -6.87
      objectReference: {fileID: 0}
    - target: {fileID: 1941237777907357108, guid: 0e0ed21be317f814c9e26c94ca8733b6, type: 3}
      propertyPath: m_LocalPosition.x
      value: -0.64
      objectReference: {fileID: 0}
    - target: {fileID: 1941237777907357108, guid: 0e0ed21be317f814c9e26c94ca8733b6, type: 3}
      propertyPath: m_LocalPosition.y
      value: 3.897
      objectReference: {fileID: 0}
    - target: {fileID: 1941237777907357108, guid: 0e0ed21be317f814c9e26c94ca8733b6, type: 3}
      propertyPath: m_LocalPosition.z
      value: -10.39
      objectReference: {fileID: 0}
    - target: {fileID: 1941237777945822435, guid: 0e0ed21be317f814c9e26c94ca8733b6, type: 3}
      propertyPath: m_LocalPosition.x
      value: 1.58
      objectReference: {fileID: 0}
    - target: {fileID: 1941237777945822435, guid: 0e0ed21be317f814c9e26c94ca8733b6, type: 3}
      propertyPath: m_LocalPosition.z
      value: -8.38
      objectReference: {fileID: 0}
    - target: {fileID: 1941237777998769565, guid: 0e0ed21be317f814c9e26c94ca8733b6, type: 3}
      propertyPath: m_LocalPosition.x
      value: 1.58
      objectReference: {fileID: 0}
    - target: {fileID: 1941237777998769565, guid: 0e0ed21be317f814c9e26c94ca8733b6, type: 3}
      propertyPath: m_LocalPosition.z
      value: -8.03
      objectReference: {fileID: 0}
    - target: {fileID: 1941237778151056376, guid: 0e0ed21be317f814c9e26c94ca8733b6, type: 3}
      propertyPath: m_LocalPosition.y
      value: 0.469
      objectReference: {fileID: 0}
    - target: {fileID: 1941237778261198926, guid: 0e0ed21be317f814c9e26c94ca8733b6, type: 3}
      propertyPath: m_LocalScale.x
      value: 0.36720002
      objectReference: {fileID: 0}
    - target: {fileID: 1941237778261198926, guid: 0e0ed21be317f814c9e26c94ca8733b6, type: 3}
      propertyPath: m_LocalScale.y
      value: 0.37
      objectReference: {fileID: 0}
    - target: {fileID: 1941237778261198926, guid: 0e0ed21be317f814c9e26c94ca8733b6, type: 3}
      propertyPath: m_LocalScale.z
      value: 0.33864444
      objectReference: {fileID: 0}
    - target: {fileID: 1941237778261198926, guid: 0e0ed21be317f814c9e26c94ca8733b6, type: 3}
      propertyPath: m_LocalPosition.x
      value: -1.82
      objectReference: {fileID: 0}
    - target: {fileID: 1941237778261198926, guid: 0e0ed21be317f814c9e26c94ca8733b6, type: 3}
      propertyPath: m_LocalPosition.y
      value: 0.38
      objectReference: {fileID: 0}
    - target: {fileID: 1941237778261198926, guid: 0e0ed21be317f814c9e26c94ca8733b6, type: 3}
      propertyPath: m_LocalPosition.z
      value: -7.8
      objectReference: {fileID: 0}
    - target: {fileID: 1941237778266632132, guid: 0e0ed21be317f814c9e26c94ca8733b6, type: 3}
      propertyPath: m_LocalPosition.x
      value: 1.58
      objectReference: {fileID: 0}
    - target: {fileID: 1941237778266632132, guid: 0e0ed21be317f814c9e26c94ca8733b6, type: 3}
      propertyPath: m_LocalPosition.z
      value: -9.27
      objectReference: {fileID: 0}
    - target: {fileID: 1941237778267598968, guid: 0e0ed21be317f814c9e26c94ca8733b6, type: 3}
      propertyPath: m_LocalPosition.x
      value: 2.19
      objectReference: {fileID: 0}
    - target: {fileID: 1941237778267598968, guid: 0e0ed21be317f814c9e26c94ca8733b6, type: 3}
      propertyPath: m_LocalPosition.z
      value: -7.07
      objectReference: {fileID: 0}
    - target: {fileID: 1941237778319455685, guid: 0e0ed21be317f814c9e26c94ca8733b6, type: 3}
      propertyPath: m_LocalPosition.x
      value: 1.25
      objectReference: {fileID: 0}
    - target: {fileID: 1941237778319455685, guid: 0e0ed21be317f814c9e26c94ca8733b6, type: 3}
      propertyPath: m_LocalPosition.z
      value: -5.88
      objectReference: {fileID: 0}
    - target: {fileID: 1941237778351275667, guid: 0e0ed21be317f814c9e26c94ca8733b6, type: 3}
      propertyPath: m_LocalPosition.x
      value: 1.19
      objectReference: {fileID: 0}
    - target: {fileID: 1941237778351275667, guid: 0e0ed21be317f814c9e26c94ca8733b6, type: 3}
      propertyPath: m_LocalPosition.z
      value: -7.16
      objectReference: {fileID: 0}
    - target: {fileID: 1941237778420263992, guid: 0e0ed21be317f814c9e26c94ca8733b6, type: 3}
      propertyPath: m_LocalPosition.x
      value: 1.19
      objectReference: {fileID: 0}
    - target: {fileID: 1941237778420263992, guid: 0e0ed21be317f814c9e26c94ca8733b6, type: 3}
      propertyPath: m_LocalPosition.z
      value: -8.35
      objectReference: {fileID: 0}
    - target: {fileID: 1941237778421145701, guid: 0e0ed21be317f814c9e26c94ca8733b6, type: 3}
      propertyPath: m_LocalScale.x
      value: 0.21059163
      objectReference: {fileID: 0}
    - target: {fileID: 1941237778421145701, guid: 0e0ed21be317f814c9e26c94ca8733b6, type: 3}
      propertyPath: m_LocalScale.y
      value: 0.07959615
      objectReference: {fileID: 0}
    - target: {fileID: 1941237778421145701, guid: 0e0ed21be317f814c9e26c94ca8733b6, type: 3}
      propertyPath: m_LocalScale.z
      value: 0.24395034
      objectReference: {fileID: 0}
    - target: {fileID: 1941237778421145701, guid: 0e0ed21be317f814c9e26c94ca8733b6, type: 3}
      propertyPath: m_LocalPosition.x
      value: -4.66
      objectReference: {fileID: 0}
    - target: {fileID: 1941237778421145701, guid: 0e0ed21be317f814c9e26c94ca8733b6, type: 3}
      propertyPath: m_LocalPosition.y
      value: 0.1
      objectReference: {fileID: 0}
    - target: {fileID: 1941237778421145701, guid: 0e0ed21be317f814c9e26c94ca8733b6, type: 3}
      propertyPath: m_LocalPosition.z
      value: -11.03
      objectReference: {fileID: 0}
    - target: {fileID: 1941237778558668997, guid: 0e0ed21be317f814c9e26c94ca8733b6, type: 3}
      propertyPath: m_LocalScale.x
      value: 0.21059163
      objectReference: {fileID: 0}
    - target: {fileID: 1941237778558668997, guid: 0e0ed21be317f814c9e26c94ca8733b6, type: 3}
      propertyPath: m_LocalScale.y
      value: 0.07959615
      objectReference: {fileID: 0}
    - target: {fileID: 1941237778558668997, guid: 0e0ed21be317f814c9e26c94ca8733b6, type: 3}
      propertyPath: m_LocalScale.z
      value: 0.24395034
      objectReference: {fileID: 0}
    - target: {fileID: 1941237778558668997, guid: 0e0ed21be317f814c9e26c94ca8733b6, type: 3}
      propertyPath: m_LocalPosition.x
      value: -4.66
      objectReference: {fileID: 0}
    - target: {fileID: 1941237778558668997, guid: 0e0ed21be317f814c9e26c94ca8733b6, type: 3}
      propertyPath: m_LocalPosition.y
      value: 0.1
      objectReference: {fileID: 0}
    - target: {fileID: 1941237778558668997, guid: 0e0ed21be317f814c9e26c94ca8733b6, type: 3}
      propertyPath: m_LocalPosition.z
      value: -11.91
      objectReference: {fileID: 0}
    - target: {fileID: 1941237778575706988, guid: 0e0ed21be317f814c9e26c94ca8733b6, type: 3}
      propertyPath: m_LocalScale.x
      value: 0.5
      objectReference: {fileID: 0}
    - target: {fileID: 1941237778575706988, guid: 0e0ed21be317f814c9e26c94ca8733b6, type: 3}
      propertyPath: m_LocalScale.y
      value: 0.5
      objectReference: {fileID: 0}
    - target: {fileID: 1941237778575706988, guid: 0e0ed21be317f814c9e26c94ca8733b6, type: 3}
      propertyPath: m_LocalScale.z
      value: 0.4
      objectReference: {fileID: 0}
    - target: {fileID: 1941237778575706988, guid: 0e0ed21be317f814c9e26c94ca8733b6, type: 3}
      propertyPath: m_LocalPosition.x
      value: -4.452
      objectReference: {fileID: 0}
    - target: {fileID: 1941237778575706988, guid: 0e0ed21be317f814c9e26c94ca8733b6, type: 3}
      propertyPath: m_LocalPosition.z
      value: -12.626
      objectReference: {fileID: 0}
    - target: {fileID: 2848558118650723097, guid: 0e0ed21be317f814c9e26c94ca8733b6, type: 3}
      propertyPath: m_LocalScale.z
      value: 1.138998
      objectReference: {fileID: 0}
    - target: {fileID: 2848558118650723097, guid: 0e0ed21be317f814c9e26c94ca8733b6, type: 3}
      propertyPath: m_LocalPosition.x
      value: 0
      objectReference: {fileID: 0}
    - target: {fileID: 2848558118650723097, guid: 0e0ed21be317f814c9e26c94ca8733b6, type: 3}
      propertyPath: m_LocalPosition.y
      value: 0
      objectReference: {fileID: 0}
    - target: {fileID: 2848558118650723097, guid: 0e0ed21be317f814c9e26c94ca8733b6, type: 3}
      propertyPath: m_LocalPosition.z
      value: 0.843
      objectReference: {fileID: 0}
    - target: {fileID: 2979466333257890788, guid: 0e0ed21be317f814c9e26c94ca8733b6, type: 3}
      propertyPath: m_RootOrder
      value: 4
      objectReference: {fileID: 0}
    - target: {fileID: 2979466333257890788, guid: 0e0ed21be317f814c9e26c94ca8733b6, type: 3}
      propertyPath: m_LocalScale.x
      value: 0.40000007
      objectReference: {fileID: 0}
    - target: {fileID: 2979466333257890788, guid: 0e0ed21be317f814c9e26c94ca8733b6, type: 3}
      propertyPath: m_LocalScale.y
      value: 0.4
      objectReference: {fileID: 0}
    - target: {fileID: 2979466333257890788, guid: 0e0ed21be317f814c9e26c94ca8733b6, type: 3}
      propertyPath: m_LocalScale.z
      value: 0.40000007
      objectReference: {fileID: 0}
    - target: {fileID: 2979466333257890788, guid: 0e0ed21be317f814c9e26c94ca8733b6, type: 3}
      propertyPath: m_LocalPosition.x
      value: 3.4664245
      objectReference: {fileID: 0}
    - target: {fileID: 2979466333257890788, guid: 0e0ed21be317f814c9e26c94ca8733b6, type: 3}
      propertyPath: m_LocalPosition.y
      value: -0.63590527
      objectReference: {fileID: 0}
    - target: {fileID: 2979466333257890788, guid: 0e0ed21be317f814c9e26c94ca8733b6, type: 3}
      propertyPath: m_LocalPosition.z
      value: -0.41867256
      objectReference: {fileID: 0}
    - target: {fileID: 2979466333257890788, guid: 0e0ed21be317f814c9e26c94ca8733b6, type: 3}
      propertyPath: m_LocalRotation.w
      value: 0.70297426
      objectReference: {fileID: 0}
    - target: {fileID: 2979466333257890788, guid: 0e0ed21be317f814c9e26c94ca8733b6, type: 3}
      propertyPath: m_LocalRotation.x
      value: -0
      objectReference: {fileID: 0}
    - target: {fileID: 2979466333257890788, guid: 0e0ed21be317f814c9e26c94ca8733b6, type: 3}
      propertyPath: m_LocalRotation.y
      value: 0.7112153
      objectReference: {fileID: 0}
    - target: {fileID: 2979466333257890788, guid: 0e0ed21be317f814c9e26c94ca8733b6, type: 3}
      propertyPath: m_LocalRotation.z
      value: -0
      objectReference: {fileID: 0}
    - target: {fileID: 2979466333257890788, guid: 0e0ed21be317f814c9e26c94ca8733b6, type: 3}
      propertyPath: m_LocalEulerAnglesHint.x
      value: 0
      objectReference: {fileID: 0}
    - target: {fileID: 2979466333257890788, guid: 0e0ed21be317f814c9e26c94ca8733b6, type: 3}
      propertyPath: m_LocalEulerAnglesHint.y
      value: 90.668
      objectReference: {fileID: 0}
    - target: {fileID: 2979466333257890788, guid: 0e0ed21be317f814c9e26c94ca8733b6, type: 3}
      propertyPath: m_LocalEulerAnglesHint.z
      value: 0
      objectReference: {fileID: 0}
    - target: {fileID: 3213006376657284172, guid: 0e0ed21be317f814c9e26c94ca8733b6, type: 3}
      propertyPath: m_LocalScale.z
      value: 1.138998
      objectReference: {fileID: 0}
    - target: {fileID: 3213006376657284172, guid: 0e0ed21be317f814c9e26c94ca8733b6, type: 3}
      propertyPath: m_LocalPosition.x
      value: 0.02
      objectReference: {fileID: 0}
    - target: {fileID: 3213006376657284172, guid: 0e0ed21be317f814c9e26c94ca8733b6, type: 3}
      propertyPath: m_LocalPosition.y
      value: -0.1
      objectReference: {fileID: 0}
    - target: {fileID: 3213006376657284172, guid: 0e0ed21be317f814c9e26c94ca8733b6, type: 3}
      propertyPath: m_LocalPosition.z
      value: -0.33
      objectReference: {fileID: 0}
    - target: {fileID: 4557635212656008087, guid: 0e0ed21be317f814c9e26c94ca8733b6, type: 3}
      propertyPath: m_Name
      value: P604
      objectReference: {fileID: 0}
    - target: {fileID: 6889113450443807416, guid: 0e0ed21be317f814c9e26c94ca8733b6, type: 3}
      propertyPath: m_LocalPosition.x
      value: 3.75
      objectReference: {fileID: 0}
    - target: {fileID: 6889113450443807416, guid: 0e0ed21be317f814c9e26c94ca8733b6, type: 3}
      propertyPath: m_LocalPosition.y
      value: 2.74
      objectReference: {fileID: 0}
    - target: {fileID: 6889113450443807416, guid: 0e0ed21be317f814c9e26c94ca8733b6, type: 3}
      propertyPath: m_LocalPosition.z
      value: 0.06
      objectReference: {fileID: 0}
    - target: {fileID: 7930842625961286164, guid: 0e0ed21be317f814c9e26c94ca8733b6, type: 3}
      propertyPath: m_LocalPosition.x
      value: 3.37
      objectReference: {fileID: 0}
    - target: {fileID: 7930842625961286164, guid: 0e0ed21be317f814c9e26c94ca8733b6, type: 3}
      propertyPath: m_LocalPosition.y
      value: 1.91
      objectReference: {fileID: 0}
    - target: {fileID: 7930842625961286164, guid: 0e0ed21be317f814c9e26c94ca8733b6, type: 3}
      propertyPath: m_LocalPosition.z
      value: -1.19
      objectReference: {fileID: 0}
    - target: {fileID: 8009002150965264323, guid: 0e0ed21be317f814c9e26c94ca8733b6, type: 3}
      propertyPath: m_LocalScale.z
      value: 1.138998
      objectReference: {fileID: 0}
    - target: {fileID: 8009002150965264323, guid: 0e0ed21be317f814c9e26c94ca8733b6, type: 3}
      propertyPath: m_LocalPosition.x
      value: 0.02
      objectReference: {fileID: 0}
    - target: {fileID: 8009002150965264323, guid: 0e0ed21be317f814c9e26c94ca8733b6, type: 3}
      propertyPath: m_LocalPosition.y
      value: -1.76
      objectReference: {fileID: 0}
    - target: {fileID: 8009002150965264323, guid: 0e0ed21be317f814c9e26c94ca8733b6, type: 3}
      propertyPath: m_LocalPosition.z
      value: -0.33
      objectReference: {fileID: 0}
    - target: {fileID: 8583061016238693336, guid: 0e0ed21be317f814c9e26c94ca8733b6, type: 3}
      propertyPath: m_LocalPosition.x
      value: 3.75
      objectReference: {fileID: 0}
    - target: {fileID: 8583061016238693336, guid: 0e0ed21be317f814c9e26c94ca8733b6, type: 3}
      propertyPath: m_LocalPosition.y
      value: 2.66
      objectReference: {fileID: 0}
    - target: {fileID: 8583061016238693336, guid: 0e0ed21be317f814c9e26c94ca8733b6, type: 3}
      propertyPath: m_LocalPosition.z
      value: 0.06
      objectReference: {fileID: 0}
    - target: {fileID: 9192224898906759573, guid: 0e0ed21be317f814c9e26c94ca8733b6, type: 3}
      propertyPath: m_LocalPosition.x
      value: 4.13
      objectReference: {fileID: 0}
    - target: {fileID: 9192224898906759573, guid: 0e0ed21be317f814c9e26c94ca8733b6, type: 3}
      propertyPath: m_LocalPosition.y
      value: 2.66
      objectReference: {fileID: 0}
    - target: {fileID: 9192224898906759573, guid: 0e0ed21be317f814c9e26c94ca8733b6, type: 3}
      propertyPath: m_LocalPosition.z
      value: 0.33
      objectReference: {fileID: 0}
    m_RemovedComponents: []
  m_SourcePrefab: {fileID: 100100000, guid: 0e0ed21be317f814c9e26c94ca8733b6, type: 3}
--- !u!4 &612249239315317301 stripped
Transform:
  m_CorrespondingSourceObject: {fileID: 2979466333257890788, guid: 0e0ed21be317f814c9e26c94ca8733b6, type: 3}
  m_PrefabInstance: {fileID: 2388620465434720721}
  m_PrefabAsset: {fileID: 0}
--- !u!1001 &2791389818822382987
PrefabInstance:
  m_ObjectHideFlags: 0
  serializedVersion: 2
  m_Modification:
    m_TransformParent: {fileID: 612249239315317301}
    m_Modifications:
    - target: {fileID: -8679921383154817045, guid: 4a82e5f65ebffa749b0ab8b75bf98ecc, type: 3}
      propertyPath: m_RootOrder
      value: 43
      objectReference: {fileID: 0}
    - target: {fileID: -8679921383154817045, guid: 4a82e5f65ebffa749b0ab8b75bf98ecc, type: 3}
      propertyPath: m_LocalScale.x
      value: 0.3
      objectReference: {fileID: 0}
    - target: {fileID: -8679921383154817045, guid: 4a82e5f65ebffa749b0ab8b75bf98ecc, type: 3}
      propertyPath: m_LocalScale.y
      value: 0.30000007
      objectReference: {fileID: 0}
    - target: {fileID: -8679921383154817045, guid: 4a82e5f65ebffa749b0ab8b75bf98ecc, type: 3}
      propertyPath: m_LocalScale.z
      value: 0.30000007
      objectReference: {fileID: 0}
    - target: {fileID: -8679921383154817045, guid: 4a82e5f65ebffa749b0ab8b75bf98ecc, type: 3}
      propertyPath: m_LocalPosition.x
      value: -2.94
      objectReference: {fileID: 0}
    - target: {fileID: -8679921383154817045, guid: 4a82e5f65ebffa749b0ab8b75bf98ecc, type: 3}
      propertyPath: m_LocalPosition.y
      value: 0.460999
      objectReference: {fileID: 0}
    - target: {fileID: -8679921383154817045, guid: 4a82e5f65ebffa749b0ab8b75bf98ecc, type: 3}
      propertyPath: m_LocalPosition.z
      value: -7.77
      objectReference: {fileID: 0}
    - target: {fileID: -8679921383154817045, guid: 4a82e5f65ebffa749b0ab8b75bf98ecc, type: 3}
      propertyPath: m_LocalRotation.w
      value: -0.007249534
      objectReference: {fileID: 0}
    - target: {fileID: -8679921383154817045, guid: 4a82e5f65ebffa749b0ab8b75bf98ecc, type: 3}
      propertyPath: m_LocalRotation.x
      value: 0.007249713
      objectReference: {fileID: 0}
    - target: {fileID: -8679921383154817045, guid: 4a82e5f65ebffa749b0ab8b75bf98ecc, type: 3}
      propertyPath: m_LocalRotation.y
      value: 0.70706964
      objectReference: {fileID: 0}
    - target: {fileID: -8679921383154817045, guid: 4a82e5f65ebffa749b0ab8b75bf98ecc, type: 3}
      propertyPath: m_LocalRotation.z
      value: 0.70706964
      objectReference: {fileID: 0}
    - target: {fileID: -8679921383154817045, guid: 4a82e5f65ebffa749b0ab8b75bf98ecc, type: 3}
      propertyPath: m_LocalEulerAnglesHint.x
      value: -90
      objectReference: {fileID: 0}
    - target: {fileID: -8679921383154817045, guid: 4a82e5f65ebffa749b0ab8b75bf98ecc, type: 3}
      propertyPath: m_LocalEulerAnglesHint.y
      value: 0
      objectReference: {fileID: 0}
    - target: {fileID: -8679921383154817045, guid: 4a82e5f65ebffa749b0ab8b75bf98ecc, type: 3}
      propertyPath: m_LocalEulerAnglesHint.z
      value: 181.175
      objectReference: {fileID: 0}
    - target: {fileID: -1752348107691214000, guid: 4a82e5f65ebffa749b0ab8b75bf98ecc, type: 3}
      propertyPath: m_Materials.Array.data[0]
      value: 
      objectReference: {fileID: 2100000, guid: 1e11425f5e87c0b4484138bc014f431e, type: 2}
    - target: {fileID: 919132149155446097, guid: 4a82e5f65ebffa749b0ab8b75bf98ecc, type: 3}
      propertyPath: m_Name
      value: Ghe (9)
      objectReference: {fileID: 0}
    - target: {fileID: 5607362397932288131, guid: 4a82e5f65ebffa749b0ab8b75bf98ecc, type: 3}
      propertyPath: m_Materials.Array.data[0]
      value: 
      objectReference: {fileID: 2100000, guid: 1e11425f5e87c0b4484138bc014f431e, type: 2}
    - target: {fileID: 9087903417175955359, guid: 4a82e5f65ebffa749b0ab8b75bf98ecc, type: 3}
      propertyPath: m_Materials.Array.data[0]
      value: 
      objectReference: {fileID: 2100000, guid: 1e11425f5e87c0b4484138bc014f431e, type: 2}
    m_RemovedComponents: []
  m_SourcePrefab: {fileID: 100100000, guid: 4a82e5f65ebffa749b0ab8b75bf98ecc, type: 3}
--- !u!1001 &4351689410877400265
PrefabInstance:
  m_ObjectHideFlags: 0
  serializedVersion: 2
  m_Modification:
    m_TransformParent: {fileID: 5573055790197334026}
    m_Modifications:
    - target: {fileID: 1687800449740350826, guid: 3028ab0e39c833749909a815e8acdc40, type: 3}
      propertyPath: m_Name
      value: Tuong
      objectReference: {fileID: 0}
    - target: {fileID: 2028754248664416208, guid: 3028ab0e39c833749909a815e8acdc40, type: 3}
      propertyPath: m_RootOrder
      value: 1
      objectReference: {fileID: 0}
    - target: {fileID: 2028754248664416208, guid: 3028ab0e39c833749909a815e8acdc40, type: 3}
      propertyPath: m_LocalScale.z
      value: 1.3372126
      objectReference: {fileID: 0}
    - target: {fileID: 2028754248664416208, guid: 3028ab0e39c833749909a815e8acdc40, type: 3}
      propertyPath: m_LocalPosition.x
      value: 1.2304249
      objectReference: {fileID: 0}
    - target: {fileID: 2028754248664416208, guid: 3028ab0e39c833749909a815e8acdc40, type: 3}
      propertyPath: m_LocalPosition.y
      value: 0.22109509
      objectReference: {fileID: 0}
    - target: {fileID: 2028754248664416208, guid: 3028ab0e39c833749909a815e8acdc40, type: 3}
      propertyPath: m_LocalPosition.z
      value: -1.7256725
      objectReference: {fileID: 0}
    - target: {fileID: 2028754248664416208, guid: 3028ab0e39c833749909a815e8acdc40, type: 3}
      propertyPath: m_LocalRotation.w
      value: 0.5
      objectReference: {fileID: 0}
    - target: {fileID: 2028754248664416208, guid: 3028ab0e39c833749909a815e8acdc40, type: 3}
      propertyPath: m_LocalRotation.x
      value: -0.5
      objectReference: {fileID: 0}
    - target: {fileID: 2028754248664416208, guid: 3028ab0e39c833749909a815e8acdc40, type: 3}
      propertyPath: m_LocalRotation.y
      value: -0.5
      objectReference: {fileID: 0}
    - target: {fileID: 2028754248664416208, guid: 3028ab0e39c833749909a815e8acdc40, type: 3}
      propertyPath: m_LocalRotation.z
      value: -0.5
      objectReference: {fileID: 0}
    - target: {fileID: 2028754248664416208, guid: 3028ab0e39c833749909a815e8acdc40, type: 3}
      propertyPath: m_LocalEulerAnglesHint.x
      value: -90
      objectReference: {fileID: 0}
    - target: {fileID: 2028754248664416208, guid: 3028ab0e39c833749909a815e8acdc40, type: 3}
      propertyPath: m_LocalEulerAnglesHint.y
      value: 0
      objectReference: {fileID: 0}
    - target: {fileID: 2028754248664416208, guid: 3028ab0e39c833749909a815e8acdc40, type: 3}
      propertyPath: m_LocalEulerAnglesHint.z
      value: -90
      objectReference: {fileID: 0}
    m_RemovedComponents: []
  m_SourcePrefab: {fileID: 100100000, guid: 3028ab0e39c833749909a815e8acdc40, type: 3}
--- !u!4 &2324942948025359129 stripped
Transform:
  m_CorrespondingSourceObject: {fileID: 2028754248664416208, guid: 3028ab0e39c833749909a815e8acdc40, type: 3}
  m_PrefabInstance: {fileID: 4351689410877400265}
  m_PrefabAsset: {fileID: 0}
--- !u!1001 &5293193754751674473
PrefabInstance:
  m_ObjectHideFlags: 0
  serializedVersion: 2
  m_Modification:
    m_TransformParent: {fileID: 5573055790197334026}
    m_Modifications:
    - target: {fileID: 3178334556022685364, guid: e1ba8d846b35c9a46b66dacd2d302add, type: 3}
      propertyPath: m_LocalScale.x
      value: 0.8265916
      objectReference: {fileID: 0}
    - target: {fileID: 3178334556022685364, guid: e1ba8d846b35c9a46b66dacd2d302add, type: 3}
      propertyPath: m_LocalPosition.x
      value: 1.1168
      objectReference: {fileID: 0}
    - target: {fileID: 5497846987206878933, guid: e1ba8d846b35c9a46b66dacd2d302add, type: 3}
      propertyPath: m_LocalScale.x
      value: 0.8265916
      objectReference: {fileID: 0}
    - target: {fileID: 5497846987206878933, guid: e1ba8d846b35c9a46b66dacd2d302add, type: 3}
      propertyPath: m_LocalPosition.x
      value: 1.1168
      objectReference: {fileID: 0}
    - target: {fileID: 6173751434458045632, guid: e1ba8d846b35c9a46b66dacd2d302add, type: 3}
      propertyPath: m_Name
      value: KhungTuongBen
      objectReference: {fileID: 0}
    - target: {fileID: 6838226290397300346, guid: e1ba8d846b35c9a46b66dacd2d302add, type: 3}
      propertyPath: m_RootOrder
      value: 2
      objectReference: {fileID: 0}
    - target: {fileID: 6838226290397300346, guid: e1ba8d846b35c9a46b66dacd2d302add, type: 3}
      propertyPath: m_LocalScale.z
      value: 0.66860616
      objectReference: {fileID: 0}
    - target: {fileID: 6838226290397300346, guid: e1ba8d846b35c9a46b66dacd2d302add, type: 3}
      propertyPath: m_LocalPosition.x
      value: -0.6475754
      objectReference: {fileID: 0}
    - target: {fileID: 6838226290397300346, guid: e1ba8d846b35c9a46b66dacd2d302add, type: 3}
      propertyPath: m_LocalPosition.y
      value: 0.44969463
      objectReference: {fileID: 0}
    - target: {fileID: 6838226290397300346, guid: e1ba8d846b35c9a46b66dacd2d302add, type: 3}
      propertyPath: m_LocalPosition.z
      value: 1.7413275
      objectReference: {fileID: 0}
    - target: {fileID: 6838226290397300346, guid: e1ba8d846b35c9a46b66dacd2d302add, type: 3}
      propertyPath: m_LocalRotation.w
      value: 0.7071068
      objectReference: {fileID: 0}
    - target: {fileID: 6838226290397300346, guid: e1ba8d846b35c9a46b66dacd2d302add, type: 3}
      propertyPath: m_LocalRotation.x
      value: -0.7071068
      objectReference: {fileID: 0}
    - target: {fileID: 6838226290397300346, guid: e1ba8d846b35c9a46b66dacd2d302add, type: 3}
      propertyPath: m_LocalRotation.y
      value: -0
      objectReference: {fileID: 0}
    - target: {fileID: 6838226290397300346, guid: e1ba8d846b35c9a46b66dacd2d302add, type: 3}
      propertyPath: m_LocalRotation.z
      value: -0
      objectReference: {fileID: 0}
    - target: {fileID: 6838226290397300346, guid: e1ba8d846b35c9a46b66dacd2d302add, type: 3}
      propertyPath: m_LocalEulerAnglesHint.x
      value: 0
      objectReference: {fileID: 0}
    - target: {fileID: 6838226290397300346, guid: e1ba8d846b35c9a46b66dacd2d302add, type: 3}
      propertyPath: m_LocalEulerAnglesHint.y
      value: 0
      objectReference: {fileID: 0}
    - target: {fileID: 6838226290397300346, guid: e1ba8d846b35c9a46b66dacd2d302add, type: 3}
      propertyPath: m_LocalEulerAnglesHint.z
      value: 0
      objectReference: {fileID: 0}
    m_RemovedComponents: []
  m_SourcePrefab: {fileID: 100100000, guid: e1ba8d846b35c9a46b66dacd2d302add, type: 3}
--- !u!4 &1698825970914717203 stripped
Transform:
  m_CorrespondingSourceObject: {fileID: 6838226290397300346, guid: e1ba8d846b35c9a46b66dacd2d302add, type: 3}
  m_PrefabInstance: {fileID: 5293193754751674473}
  m_PrefabAsset: {fileID: 0}
--- !u!1001 &6986551546448921001
PrefabInstance:
  m_ObjectHideFlags: 0
  serializedVersion: 2
  m_Modification:
    m_TransformParent: {fileID: 612249239315317301}
    m_Modifications:
    - target: {fileID: -8679921383154817045, guid: 4a82e5f65ebffa749b0ab8b75bf98ecc, type: 3}
      propertyPath: m_RootOrder
      value: 40
      objectReference: {fileID: 0}
    - target: {fileID: -8679921383154817045, guid: 4a82e5f65ebffa749b0ab8b75bf98ecc, type: 3}
      propertyPath: m_LocalScale.x
      value: 0.3
      objectReference: {fileID: 0}
    - target: {fileID: -8679921383154817045, guid: 4a82e5f65ebffa749b0ab8b75bf98ecc, type: 3}
      propertyPath: m_LocalScale.y
      value: 0.30000007
      objectReference: {fileID: 0}
    - target: {fileID: -8679921383154817045, guid: 4a82e5f65ebffa749b0ab8b75bf98ecc, type: 3}
      propertyPath: m_LocalScale.z
      value: 0.30000007
      objectReference: {fileID: 0}
    - target: {fileID: -8679921383154817045, guid: 4a82e5f65ebffa749b0ab8b75bf98ecc, type: 3}
      propertyPath: m_LocalPosition.x
      value: -0.74
      objectReference: {fileID: 0}
    - target: {fileID: -8679921383154817045, guid: 4a82e5f65ebffa749b0ab8b75bf98ecc, type: 3}
      propertyPath: m_LocalPosition.y
      value: 0.461
      objectReference: {fileID: 0}
    - target: {fileID: -8679921383154817045, guid: 4a82e5f65ebffa749b0ab8b75bf98ecc, type: 3}
      propertyPath: m_LocalPosition.z
      value: -7.91
      objectReference: {fileID: 0}
    - target: {fileID: -8679921383154817045, guid: 4a82e5f65ebffa749b0ab8b75bf98ecc, type: 3}
      propertyPath: m_LocalRotation.w
      value: 0.7071068
      objectReference: {fileID: 0}
    - target: {fileID: -8679921383154817045, guid: 4a82e5f65ebffa749b0ab8b75bf98ecc, type: 3}
      propertyPath: m_LocalRotation.x
      value: -0.7071068
      objectReference: {fileID: 0}
    - target: {fileID: -8679921383154817045, guid: 4a82e5f65ebffa749b0ab8b75bf98ecc, type: 3}
      propertyPath: m_LocalRotation.y
      value: -0
      objectReference: {fileID: 0}
    - target: {fileID: -8679921383154817045, guid: 4a82e5f65ebffa749b0ab8b75bf98ecc, type: 3}
      propertyPath: m_LocalRotation.z
      value: -0
      objectReference: {fileID: 0}
    - target: {fileID: -8679921383154817045, guid: 4a82e5f65ebffa749b0ab8b75bf98ecc, type: 3}
      propertyPath: m_LocalEulerAnglesHint.x
      value: 0
      objectReference: {fileID: 0}
    - target: {fileID: -8679921383154817045, guid: 4a82e5f65ebffa749b0ab8b75bf98ecc, type: 3}
      propertyPath: m_LocalEulerAnglesHint.y
      value: 0
      objectReference: {fileID: 0}
    - target: {fileID: -8679921383154817045, guid: 4a82e5f65ebffa749b0ab8b75bf98ecc, type: 3}
      propertyPath: m_LocalEulerAnglesHint.z
      value: 0
      objectReference: {fileID: 0}
    - target: {fileID: -1752348107691214000, guid: 4a82e5f65ebffa749b0ab8b75bf98ecc, type: 3}
      propertyPath: m_Materials.Array.data[0]
      value: 
      objectReference: {fileID: 2100000, guid: 1e11425f5e87c0b4484138bc014f431e, type: 2}
    - target: {fileID: 919132149155446097, guid: 4a82e5f65ebffa749b0ab8b75bf98ecc, type: 3}
      propertyPath: m_Name
      value: Ghe (6)
      objectReference: {fileID: 0}
    - target: {fileID: 5607362397932288131, guid: 4a82e5f65ebffa749b0ab8b75bf98ecc, type: 3}
      propertyPath: m_Materials.Array.data[0]
      value: 
      objectReference: {fileID: 2100000, guid: 1e11425f5e87c0b4484138bc014f431e, type: 2}
    - target: {fileID: 9087903417175955359, guid: 4a82e5f65ebffa749b0ab8b75bf98ecc, type: 3}
      propertyPath: m_Materials.Array.data[0]
      value: 
      objectReference: {fileID: 2100000, guid: 1e11425f5e87c0b4484138bc014f431e, type: 2}
    m_RemovedComponents: []
  m_SourcePrefab: {fileID: 100100000, guid: 4a82e5f65ebffa749b0ab8b75bf98ecc, type: 3}
--- !u!1001 &7203801364195415274
PrefabInstance:
  m_ObjectHideFlags: 0
  serializedVersion: 2
  m_Modification:
    m_TransformParent: {fileID: 612249239315317301}
    m_Modifications:
    - target: {fileID: -8679921383154817045, guid: 4a82e5f65ebffa749b0ab8b75bf98ecc, type: 3}
      propertyPath: m_RootOrder
      value: 42
      objectReference: {fileID: 0}
    - target: {fileID: -8679921383154817045, guid: 4a82e5f65ebffa749b0ab8b75bf98ecc, type: 3}
      propertyPath: m_LocalScale.x
      value: 0.3
      objectReference: {fileID: 0}
    - target: {fileID: -8679921383154817045, guid: 4a82e5f65ebffa749b0ab8b75bf98ecc, type: 3}
      propertyPath: m_LocalScale.y
      value: 0.30000007
      objectReference: {fileID: 0}
    - target: {fileID: -8679921383154817045, guid: 4a82e5f65ebffa749b0ab8b75bf98ecc, type: 3}
      propertyPath: m_LocalScale.z
      value: 0.30000007
      objectReference: {fileID: 0}
    - target: {fileID: -8679921383154817045, guid: 4a82e5f65ebffa749b0ab8b75bf98ecc, type: 3}
      propertyPath: m_LocalPosition.x
      value: -2.96
      objectReference: {fileID: 0}
    - target: {fileID: -8679921383154817045, guid: 4a82e5f65ebffa749b0ab8b75bf98ecc, type: 3}
      propertyPath: m_LocalPosition.y
      value: 0.460999
      objectReference: {fileID: 0}
    - target: {fileID: -8679921383154817045, guid: 4a82e5f65ebffa749b0ab8b75bf98ecc, type: 3}
      propertyPath: m_LocalPosition.z
      value: -8.75
      objectReference: {fileID: 0}
    - target: {fileID: -8679921383154817045, guid: 4a82e5f65ebffa749b0ab8b75bf98ecc, type: 3}
      propertyPath: m_LocalRotation.w
      value: -0.007249534
      objectReference: {fileID: 0}
    - target: {fileID: -8679921383154817045, guid: 4a82e5f65ebffa749b0ab8b75bf98ecc, type: 3}
      propertyPath: m_LocalRotation.x
      value: 0.007249713
      objectReference: {fileID: 0}
    - target: {fileID: -8679921383154817045, guid: 4a82e5f65ebffa749b0ab8b75bf98ecc, type: 3}
      propertyPath: m_LocalRotation.y
      value: 0.70706964
      objectReference: {fileID: 0}
    - target: {fileID: -8679921383154817045, guid: 4a82e5f65ebffa749b0ab8b75bf98ecc, type: 3}
      propertyPath: m_LocalRotation.z
      value: 0.70706964
      objectReference: {fileID: 0}
    - target: {fileID: -8679921383154817045, guid: 4a82e5f65ebffa749b0ab8b75bf98ecc, type: 3}
      propertyPath: m_LocalEulerAnglesHint.x
      value: -90
      objectReference: {fileID: 0}
    - target: {fileID: -8679921383154817045, guid: 4a82e5f65ebffa749b0ab8b75bf98ecc, type: 3}
      propertyPath: m_LocalEulerAnglesHint.y
      value: 0
      objectReference: {fileID: 0}
    - target: {fileID: -8679921383154817045, guid: 4a82e5f65ebffa749b0ab8b75bf98ecc, type: 3}
      propertyPath: m_LocalEulerAnglesHint.z
      value: 181.175
      objectReference: {fileID: 0}
    - target: {fileID: -1752348107691214000, guid: 4a82e5f65ebffa749b0ab8b75bf98ecc, type: 3}
      propertyPath: m_Materials.Array.data[0]
      value: 
      objectReference: {fileID: 2100000, guid: 1e11425f5e87c0b4484138bc014f431e, type: 2}
    - target: {fileID: 919132149155446097, guid: 4a82e5f65ebffa749b0ab8b75bf98ecc, type: 3}
      propertyPath: m_Name
      value: Ghe (8)
      objectReference: {fileID: 0}
    - target: {fileID: 5607362397932288131, guid: 4a82e5f65ebffa749b0ab8b75bf98ecc, type: 3}
      propertyPath: m_Materials.Array.data[0]
      value: 
      objectReference: {fileID: 2100000, guid: 1e11425f5e87c0b4484138bc014f431e, type: 2}
    - target: {fileID: 9087903417175955359, guid: 4a82e5f65ebffa749b0ab8b75bf98ecc, type: 3}
      propertyPath: m_Materials.Array.data[0]
      value: 
      objectReference: {fileID: 2100000, guid: 1e11425f5e87c0b4484138bc014f431e, type: 2}
    m_RemovedComponents: []
  m_SourcePrefab: {fileID: 100100000, guid: 4a82e5f65ebffa749b0ab8b75bf98ecc, type: 3}
--- !u!1001 &7814471506187458457
PrefabInstance:
  m_ObjectHideFlags: 0
  serializedVersion: 2
  m_Modification:
    m_TransformParent: {fileID: 612249239315317301}
    m_Modifications:
    - target: {fileID: -8679921383154817045, guid: 4a82e5f65ebffa749b0ab8b75bf98ecc, type: 3}
      propertyPath: m_RootOrder
      value: 44
      objectReference: {fileID: 0}
    - target: {fileID: -8679921383154817045, guid: 4a82e5f65ebffa749b0ab8b75bf98ecc, type: 3}
      propertyPath: m_LocalScale.x
      value: 0.3
      objectReference: {fileID: 0}
    - target: {fileID: -8679921383154817045, guid: 4a82e5f65ebffa749b0ab8b75bf98ecc, type: 3}
      propertyPath: m_LocalScale.y
      value: 0.30000007
      objectReference: {fileID: 0}
    - target: {fileID: -8679921383154817045, guid: 4a82e5f65ebffa749b0ab8b75bf98ecc, type: 3}
      propertyPath: m_LocalScale.z
      value: 0.30000007
      objectReference: {fileID: 0}
    - target: {fileID: -8679921383154817045, guid: 4a82e5f65ebffa749b0ab8b75bf98ecc, type: 3}
      propertyPath: m_LocalPosition.x
      value: -2.86
      objectReference: {fileID: 0}
    - target: {fileID: -8679921383154817045, guid: 4a82e5f65ebffa749b0ab8b75bf98ecc, type: 3}
      propertyPath: m_LocalPosition.y
      value: 0.460999
      objectReference: {fileID: 0}
    - target: {fileID: -8679921383154817045, guid: 4a82e5f65ebffa749b0ab8b75bf98ecc, type: 3}
      propertyPath: m_LocalPosition.z
      value: -6.91
      objectReference: {fileID: 0}
    - target: {fileID: -8679921383154817045, guid: 4a82e5f65ebffa749b0ab8b75bf98ecc, type: 3}
      propertyPath: m_LocalRotation.w
      value: -0.007249534
      objectReference: {fileID: 0}
    - target: {fileID: -8679921383154817045, guid: 4a82e5f65ebffa749b0ab8b75bf98ecc, type: 3}
      propertyPath: m_LocalRotation.x
      value: 0.007249713
      objectReference: {fileID: 0}
    - target: {fileID: -8679921383154817045, guid: 4a82e5f65ebffa749b0ab8b75bf98ecc, type: 3}
      propertyPath: m_LocalRotation.y
      value: 0.70706964
      objectReference: {fileID: 0}
    - target: {fileID: -8679921383154817045, guid: 4a82e5f65ebffa749b0ab8b75bf98ecc, type: 3}
      propertyPath: m_LocalRotation.z
      value: 0.70706964
      objectReference: {fileID: 0}
    - target: {fileID: -8679921383154817045, guid: 4a82e5f65ebffa749b0ab8b75bf98ecc, type: 3}
      propertyPath: m_LocalEulerAnglesHint.x
      value: -90
      objectReference: {fileID: 0}
    - target: {fileID: -8679921383154817045, guid: 4a82e5f65ebffa749b0ab8b75bf98ecc, type: 3}
      propertyPath: m_LocalEulerAnglesHint.y
      value: 0
      objectReference: {fileID: 0}
    - target: {fileID: -8679921383154817045, guid: 4a82e5f65ebffa749b0ab8b75bf98ecc, type: 3}
      propertyPath: m_LocalEulerAnglesHint.z
      value: 181.175
      objectReference: {fileID: 0}
    - target: {fileID: -1752348107691214000, guid: 4a82e5f65ebffa749b0ab8b75bf98ecc, type: 3}
      propertyPath: m_Materials.Array.data[0]
      value: 
      objectReference: {fileID: 2100000, guid: 1e11425f5e87c0b4484138bc014f431e, type: 2}
    - target: {fileID: 919132149155446097, guid: 4a82e5f65ebffa749b0ab8b75bf98ecc, type: 3}
      propertyPath: m_Name
      value: Ghe (10)
      objectReference: {fileID: 0}
    - target: {fileID: 5607362397932288131, guid: 4a82e5f65ebffa749b0ab8b75bf98ecc, type: 3}
      propertyPath: m_Materials.Array.data[0]
      value: 
      objectReference: {fileID: 2100000, guid: 1e11425f5e87c0b4484138bc014f431e, type: 2}
    - target: {fileID: 9087903417175955359, guid: 4a82e5f65ebffa749b0ab8b75bf98ecc, type: 3}
      propertyPath: m_Materials.Array.data[0]
      value: 
      objectReference: {fileID: 2100000, guid: 1e11425f5e87c0b4484138bc014f431e, type: 2}
    m_RemovedComponents: []
  m_SourcePrefab: {fileID: 100100000, guid: 4a82e5f65ebffa749b0ab8b75bf98ecc, type: 3}
