%YAML 1.1
%TAG !u! tag:unity3d.com,2011:
--- !u!1 &2427819937895515882
GameObject:
  m_ObjectHideFlags: 0
  m_CorrespondingSourceObject: {fileID: 0}
  m_PrefabInstance: {fileID: 0}
  m_PrefabAsset: {fileID: 0}
  serializedVersion: 6
  m_Component:
  - component: {fileID: 8154091299574804304}
  - component: {fileID: 6500617418195270120}
  - component: {fileID: 6358240594714412817}
  m_Layer: 0
  m_Name: Box581 (4)
  m_TagString: Untagged
  m_Icon: {fileID: 0}
  m_NavMeshLayer: 0
  m_StaticEditorFlags: 0
  m_IsActive: 1
--- !u!4 &8154091299574804304
Transform:
  m_ObjectHideFlags: 0
  m_CorrespondingSourceObject: {fileID: 0}
  m_PrefabInstance: {fileID: 0}
  m_PrefabAsset: {fileID: 0}
  m_GameObject: {fileID: 2427819937895515882}
  m_LocalRotation: {x: -0, y: -0, z: -0, w: 1}
  m_LocalPosition: {x: 3.4112608, y: -2.3345132, z: 0.0013234552}
  m_LocalScale: {x: 5.3599377, y: 7.3130155, z: 0.86414886}
  m_ConstrainProportionsScale: 0
  m_Children: []
  m_Father: {fileID: 6143859410415327121}
  m_RootOrder: 1
  m_LocalEulerAnglesHint: {x: 0, y: 0, z: 0}
--- !u!33 &6500617418195270120
MeshFilter:
  m_ObjectHideFlags: 0
  m_CorrespondingSourceObject: {fileID: 0}
  m_PrefabInstance: {fileID: 0}
  m_PrefabAsset: {fileID: 0}
  m_GameObject: {fileID: 2427819937895515882}
  m_Mesh: {fileID: 3320134900609022933, guid: 75a9410873df2504195cbbeb7272faaf, type: 3}
--- !u!23 &6358240594714412817
MeshRenderer:
  m_ObjectHideFlags: 0
  m_CorrespondingSourceObject: {fileID: 0}
  m_PrefabInstance: {fileID: 0}
  m_PrefabAsset: {fileID: 0}
  m_GameObject: {fileID: 2427819937895515882}
  m_Enabled: 1
  m_CastShadows: 1
  m_ReceiveShadows: 1
  m_DynamicOccludee: 1
  m_StaticShadowCaster: 0
  m_MotionVectors: 1
  m_LightProbeUsage: 1
  m_ReflectionProbeUsage: 1
  m_RayTracingMode: 2
  m_RayTraceProcedural: 0
  m_RenderingLayerMask: 1
  m_RendererPriority: 0
  m_Materials:
  - {fileID: 2100000, guid: a1019ea6474be40489e0e9bd3568f136, type: 2}
  m_StaticBatchInfo:
    firstSubMesh: 0
    subMeshCount: 0
  m_StaticBatchRoot: {fileID: 0}
  m_ProbeAnchor: {fileID: 0}
  m_LightProbeVolumeOverride: {fileID: 0}
  m_ScaleInLightmap: 1
  m_ReceiveGI: 1
  m_PreserveUVs: 0
  m_IgnoreNormalsForChartDetection: 0
  m_ImportantGI: 0
  m_StitchLightmapSeams: 1
  m_SelectedEditorRenderState: 3
  m_MinimumChartSize: 4
  m_AutoUVMaxDistance: 0.5
  m_AutoUVMaxAngle: 89
  m_LightmapParameters: {fileID: 0}
  m_SortingLayerID: 0
  m_SortingLayer: 0
  m_SortingOrder: 0
  m_AdditionalVertexStreams: {fileID: 0}
--- !u!1 &2432892762807317806
GameObject:
  m_ObjectHideFlags: 0
  m_CorrespondingSourceObject: {fileID: 0}
  m_PrefabInstance: {fileID: 0}
  m_PrefabAsset: {fileID: 0}
  serializedVersion: 6
  m_Component:
  - component: {fileID: 6904555920105666017}
  - component: {fileID: 9084735808414659255}
  - component: {fileID: 2467570918886500989}
  m_Layer: 0
  m_Name: Box581 (5)
  m_TagString: Untagged
  m_Icon: {fileID: 0}
  m_NavMeshLayer: 0
  m_StaticEditorFlags: 0
  m_IsActive: 1
--- !u!4 &6904555920105666017
Transform:
  m_ObjectHideFlags: 0
  m_CorrespondingSourceObject: {fileID: 0}
  m_PrefabInstance: {fileID: 0}
  m_PrefabAsset: {fileID: 0}
  m_GameObject: {fileID: 2432892762807317806}
  m_LocalRotation: {x: -0, y: -0, z: -0, w: 1}
  m_LocalPosition: {x: 3.4112608, y: 4.229812, z: 0.0013234552}
  m_LocalScale: {x: 5.3599377, y: 3.6911445, z: 0.86414886}
  m_ConstrainProportionsScale: 0
  m_Children: []
  m_Father: {fileID: 6143859410415327121}
  m_RootOrder: 2
  m_LocalEulerAnglesHint: {x: 0, y: 0, z: 0}
--- !u!33 &9084735808414659255
MeshFilter:
  m_ObjectHideFlags: 0
  m_CorrespondingSourceObject: {fileID: 0}
  m_PrefabInstance: {fileID: 0}
  m_PrefabAsset: {fileID: 0}
  m_GameObject: {fileID: 2432892762807317806}
  m_Mesh: {fileID: 3320134900609022933, guid: 75a9410873df2504195cbbeb7272faaf, type: 3}
--- !u!23 &2467570918886500989
MeshRenderer:
  m_ObjectHideFlags: 0
  m_CorrespondingSourceObject: {fileID: 0}
  m_PrefabInstance: {fileID: 0}
  m_PrefabAsset: {fileID: 0}
  m_GameObject: {fileID: 2432892762807317806}
  m_Enabled: 1
  m_CastShadows: 1
  m_ReceiveShadows: 1
  m_DynamicOccludee: 1
  m_StaticShadowCaster: 0
  m_MotionVectors: 1
  m_LightProbeUsage: 1
  m_ReflectionProbeUsage: 1
  m_RayTracingMode: 2
  m_RayTraceProcedural: 0
  m_RenderingLayerMask: 1
  m_RendererPriority: 0
  m_Materials:
  - {fileID: 2100000, guid: a1019ea6474be40489e0e9bd3568f136, type: 2}
  m_StaticBatchInfo:
    firstSubMesh: 0
    subMeshCount: 0
  m_StaticBatchRoot: {fileID: 0}
  m_ProbeAnchor: {fileID: 0}
  m_LightProbeVolumeOverride: {fileID: 0}
  m_ScaleInLightmap: 1
  m_ReceiveGI: 1
  m_PreserveUVs: 0
  m_IgnoreNormalsForChartDetection: 0
  m_ImportantGI: 0
  m_StitchLightmapSeams: 1
  m_SelectedEditorRenderState: 3
  m_MinimumChartSize: 4
  m_AutoUVMaxDistance: 0.5
  m_AutoUVMaxAngle: 89
  m_LightmapParameters: {fileID: 0}
  m_SortingLayerID: 0
  m_SortingLayer: 0
  m_SortingOrder: 0
  m_AdditionalVertexStreams: {fileID: 0}
--- !u!1 &6775823116788518187
GameObject:
  m_ObjectHideFlags: 0
  m_CorrespondingSourceObject: {fileID: 0}
  m_PrefabInstance: {fileID: 0}
  m_PrefabAsset: {fileID: 0}
  serializedVersion: 6
  m_Component:
  - component: {fileID: 6143859410415327121}
  - component: {fileID: 7128217447058905140}
  - component: {fileID: 4974352548612861182}
  m_Layer: 0
  m_Name: "T\u1EE7 s\xE1ch p604"
  m_TagString: Untagged
  m_Icon: {fileID: 0}
  m_NavMeshLayer: 0
  m_StaticEditorFlags: 0
  m_IsActive: 1
--- !u!4 &6143859410415327121
Transform:
  m_ObjectHideFlags: 0
  m_CorrespondingSourceObject: {fileID: 0}
  m_PrefabInstance: {fileID: 0}
  m_PrefabAsset: {fileID: 0}
  m_GameObject: {fileID: 6775823116788518187}
  m_LocalRotation: {x: 0, y: 0, z: 0, w: 1}
  m_LocalPosition: {x: -0.0487, y: 0.1716, z: -1.5021}
  m_LocalScale: {x: 0.13857047, y: 0.1589196, z: 0.0756624}
  m_ConstrainProportionsScale: 0
  m_Children:
  - {fileID: 4198000640639423839}
  - {fileID: 8154091299574804304}
  - {fileID: 6904555920105666017}
  - {fileID: 3324953043073294413}
  - {fileID: 5066436733825058177}
  - {fileID: 8041117060930590211}
  - {fileID: 8154812664249448}
  - {fileID: 5874907907946523547}
  - {fileID: 7109951892101123710}
  - {fileID: 3012200725634144465}
  - {fileID: 1278561154616714493}
  - {fileID: 5638223931293361376}
  - {fileID: 610511248217812197}
  m_Father: {fileID: 0}
  m_RootOrder: 0
  m_LocalEulerAnglesHint: {x: 0, y: 0, z: 0}
--- !u!33 &7128217447058905140
MeshFilter:
  m_ObjectHideFlags: 0
  m_CorrespondingSourceObject: {fileID: 0}
  m_PrefabInstance: {fileID: 0}
  m_PrefabAsset: {fileID: 0}
  m_GameObject: {fileID: 6775823116788518187}
  m_Mesh: {fileID: -3668828929505387713, guid: 98d6ee918884fc041b5b4d27b731846b, type: 3}
--- !u!23 &4974352548612861182
MeshRenderer:
  m_ObjectHideFlags: 0
  m_CorrespondingSourceObject: {fileID: 0}
  m_PrefabInstance: {fileID: 0}
  m_PrefabAsset: {fileID: 0}
  m_GameObject: {fileID: 6775823116788518187}
  m_Enabled: 1
  m_CastShadows: 1
  m_ReceiveShadows: 1
  m_DynamicOccludee: 1
  m_StaticShadowCaster: 0
  m_MotionVectors: 1
  m_LightProbeUsage: 1
  m_ReflectionProbeUsage: 1
  m_RayTracingMode: 2
  m_RayTraceProcedural: 0
  m_RenderingLayerMask: 1
  m_RendererPriority: 0
  m_Materials:
  - {fileID: 2100000, guid: a1019ea6474be40489e0e9bd3568f136, type: 2}
  m_StaticBatchInfo:
    firstSubMesh: 0
    subMeshCount: 0
  m_StaticBatchRoot: {fileID: 0}
  m_ProbeAnchor: {fileID: 0}
  m_LightProbeVolumeOverride: {fileID: 0}
  m_ScaleInLightmap: 1
  m_ReceiveGI: 1
  m_PreserveUVs: 0
  m_IgnoreNormalsForChartDetection: 0
  m_ImportantGI: 0
  m_StitchLightmapSeams: 1
  m_SelectedEditorRenderState: 3
  m_MinimumChartSize: 4
  m_AutoUVMaxDistance: 0.5
  m_AutoUVMaxAngle: 89
  m_LightmapParameters: {fileID: 0}
  m_SortingLayerID: 0
  m_SortingLayer: 0
  m_SortingOrder: 0
  m_AdditionalVertexStreams: {fileID: 0}
--- !u!1 &7557829396260219962
GameObject:
  m_ObjectHideFlags: 0
  m_CorrespondingSourceObject: {fileID: 0}
  m_PrefabInstance: {fileID: 0}
  m_PrefabAsset: {fileID: 0}
  serializedVersion: 6
  m_Component:
  - component: {fileID: 4198000640639423839}
  - component: {fileID: 502922783542047049}
  - component: {fileID: 1039742948892822400}
  m_Layer: 0
  m_Name: Box581 (3)
  m_TagString: Untagged
  m_Icon: {fileID: 0}
  m_NavMeshLayer: 0
  m_StaticEditorFlags: 0
  m_IsActive: 1
--- !u!4 &4198000640639423839
Transform:
  m_ObjectHideFlags: 0
  m_CorrespondingSourceObject: {fileID: 0}
  m_PrefabInstance: {fileID: 0}
  m_PrefabAsset: {fileID: 0}
  m_GameObject: {fileID: 7557829396260219962}
  m_LocalRotation: {x: -0, y: -0, z: -0, w: 1}
  m_LocalPosition: {x: -6.7698402, y: 2.0507221, z: 0.0013234552}
  m_LocalScale: {x: 5.3599377, y: 18.393902, z: 0.86414886}
  m_ConstrainProportionsScale: 0
  m_Children: []
  m_Father: {fileID: 6143859410415327121}
  m_RootOrder: 0
  m_LocalEulerAnglesHint: {x: 0, y: 0, z: 0}
--- !u!33 &502922783542047049
MeshFilter:
  m_ObjectHideFlags: 0
  m_CorrespondingSourceObject: {fileID: 0}
  m_PrefabInstance: {fileID: 0}
  m_PrefabAsset: {fileID: 0}
  m_GameObject: {fileID: 7557829396260219962}
  m_Mesh: {fileID: 3320134900609022933, guid: 75a9410873df2504195cbbeb7272faaf, type: 3}
--- !u!23 &1039742948892822400
MeshRenderer:
  m_ObjectHideFlags: 0
  m_CorrespondingSourceObject: {fileID: 0}
  m_PrefabInstance: {fileID: 0}
  m_PrefabAsset: {fileID: 0}
  m_GameObject: {fileID: 7557829396260219962}
  m_Enabled: 1
  m_CastShadows: 1
  m_ReceiveShadows: 1
  m_DynamicOccludee: 1
  m_StaticShadowCaster: 0
  m_MotionVectors: 1
  m_LightProbeUsage: 1
  m_ReflectionProbeUsage: 1
  m_RayTracingMode: 2
  m_RayTraceProcedural: 0
  m_RenderingLayerMask: 1
  m_RendererPriority: 0
  m_Materials:
  - {fileID: 2100000, guid: a1019ea6474be40489e0e9bd3568f136, type: 2}
  m_StaticBatchInfo:
    firstSubMesh: 0
    subMeshCount: 0
  m_StaticBatchRoot: {fileID: 0}
  m_ProbeAnchor: {fileID: 0}
  m_LightProbeVolumeOverride: {fileID: 0}
  m_ScaleInLightmap: 1
  m_ReceiveGI: 1
  m_PreserveUVs: 0
  m_IgnoreNormalsForChartDetection: 0
  m_ImportantGI: 0
  m_StitchLightmapSeams: 1
  m_SelectedEditorRenderState: 3
  m_MinimumChartSize: 4
  m_AutoUVMaxDistance: 0.5
  m_AutoUVMaxAngle: 89
  m_LightmapParameters: {fileID: 0}
  m_SortingLayerID: 0
  m_SortingLayer: 0
  m_SortingOrder: 0
  m_AdditionalVertexStreams: {fileID: 0}
--- !u!1001 &114865983386561779
PrefabInstance:
  m_ObjectHideFlags: 0
  serializedVersion: 2
  m_Modification:
    m_TransformParent: {fileID: 6143859410415327121}
    m_Modifications:
    - target: {fileID: 7296974822869934154, guid: b5cc45f2a4041c848a14f271adc59207, type: 3}
      propertyPath: m_Name
      value: Sach1 (3)
      objectReference: {fileID: 0}
    - target: {fileID: 7930803055699819248, guid: b5cc45f2a4041c848a14f271adc59207, type: 3}
      propertyPath: m_RootOrder
      value: 5
      objectReference: {fileID: 0}
    - target: {fileID: 7930803055699819248, guid: b5cc45f2a4041c848a14f271adc59207, type: 3}
      propertyPath: m_LocalScale.x
      value: 1.5858138
      objectReference: {fileID: 0}
    - target: {fileID: 7930803055699819248, guid: b5cc45f2a4041c848a14f271adc59207, type: 3}
      propertyPath: m_LocalScale.y
      value: 0.75509894
      objectReference: {fileID: 0}
    - target: {fileID: 7930803055699819248, guid: b5cc45f2a4041c848a14f271adc59207, type: 3}
      propertyPath: m_LocalScale.z
      value: 0.8660391
      objectReference: {fileID: 0}
    - target: {fileID: 7930803055699819248, guid: b5cc45f2a4041c848a14f271adc59207, type: 3}
      propertyPath: m_LocalPosition.x
      value: 2.3451548
      objectReference: {fileID: 0}
    - target: {fileID: 7930803055699819248, guid: b5cc45f2a4041c848a14f271adc59207, type: 3}
      propertyPath: m_LocalPosition.y
      value: -0.7047596
      objectReference: {fileID: 0}
    - target: {fileID: 7930803055699819248, guid: b5cc45f2a4041c848a14f271adc59207, type: 3}
      propertyPath: m_LocalPosition.z
      value: -0.5798089
      objectReference: {fileID: 0}
    - target: {fileID: 7930803055699819248, guid: b5cc45f2a4041c848a14f271adc59207, type: 3}
      propertyPath: m_LocalRotation.w
      value: 0.70297426
      objectReference: {fileID: 0}
    - target: {fileID: 7930803055699819248, guid: b5cc45f2a4041c848a14f271adc59207, type: 3}
      propertyPath: m_LocalRotation.x
      value: -0
      objectReference: {fileID: 0}
    - target: {fileID: 7930803055699819248, guid: b5cc45f2a4041c848a14f271adc59207, type: 3}
      propertyPath: m_LocalRotation.y
      value: 0.7112153
      objectReference: {fileID: 0}
    - target: {fileID: 7930803055699819248, guid: b5cc45f2a4041c848a14f271adc59207, type: 3}
      propertyPath: m_LocalRotation.z
      value: -0
      objectReference: {fileID: 0}
    - target: {fileID: 7930803055699819248, guid: b5cc45f2a4041c848a14f271adc59207, type: 3}
      propertyPath: m_LocalEulerAnglesHint.x
      value: 0
      objectReference: {fileID: 0}
    - target: {fileID: 7930803055699819248, guid: b5cc45f2a4041c848a14f271adc59207, type: 3}
      propertyPath: m_LocalEulerAnglesHint.y
      value: 0
      objectReference: {fileID: 0}
    - target: {fileID: 7930803055699819248, guid: b5cc45f2a4041c848a14f271adc59207, type: 3}
      propertyPath: m_LocalEulerAnglesHint.z
      value: 0
      objectReference: {fileID: 0}
    m_RemovedComponents: []
  m_SourcePrefab: {fileID: 100100000, guid: b5cc45f2a4041c848a14f271adc59207, type: 3}
--- !u!4 &8041117060930590211 stripped
Transform:
  m_CorrespondingSourceObject: {fileID: 7930803055699819248, guid: b5cc45f2a4041c848a14f271adc59207, type: 3}
  m_PrefabInstance: {fileID: 114865983386561779}
  m_PrefabAsset: {fileID: 0}
--- !u!1001 &910924283584984206
PrefabInstance:
  m_ObjectHideFlags: 0
  serializedVersion: 2
  m_Modification:
    m_TransformParent: {fileID: 6143859410415327121}
    m_Modifications:
    - target: {fileID: 7296974822869934154, guid: b5cc45f2a4041c848a14f271adc59207, type: 3}
      propertyPath: m_Name
      value: Sach1 (6)
      objectReference: {fileID: 0}
    - target: {fileID: 7930803055699819248, guid: b5cc45f2a4041c848a14f271adc59207, type: 3}
      propertyPath: m_RootOrder
      value: 8
      objectReference: {fileID: 0}
    - target: {fileID: 7930803055699819248, guid: b5cc45f2a4041c848a14f271adc59207, type: 3}
      propertyPath: m_LocalScale.x
      value: 1.5858138
      objectReference: {fileID: 0}
    - target: {fileID: 7930803055699819248, guid: b5cc45f2a4041c848a14f271adc59207, type: 3}
      propertyPath: m_LocalScale.y
      value: 0.75509894
      objectReference: {fileID: 0}
    - target: {fileID: 7930803055699819248, guid: b5cc45f2a4041c848a14f271adc59207, type: 3}
      propertyPath: m_LocalScale.z
      value: 0.8660391
      objectReference: {fileID: 0}
    - target: {fileID: 7930803055699819248, guid: b5cc45f2a4041c848a14f271adc59207, type: 3}
      propertyPath: m_LocalPosition.x
      value: 5.474036
      objectReference: {fileID: 0}
    - target: {fileID: 7930803055699819248, guid: b5cc45f2a4041c848a14f271adc59207, type: 3}
      propertyPath: m_LocalPosition.y
      value: -0.7047596
      objectReference: {fileID: 0}
    - target: {fileID: 7930803055699819248, guid: b5cc45f2a4041c848a14f271adc59207, type: 3}
      propertyPath: m_LocalPosition.z
      value: -0.6465993
      objectReference: {fileID: 0}
    - target: {fileID: 7930803055699819248, guid: b5cc45f2a4041c848a14f271adc59207, type: 3}
      propertyPath: m_LocalRotation.w
      value: 0.70297426
      objectReference: {fileID: 0}
    - target: {fileID: 7930803055699819248, guid: b5cc45f2a4041c848a14f271adc59207, type: 3}
      propertyPath: m_LocalRotation.x
      value: -0
      objectReference: {fileID: 0}
    - target: {fileID: 7930803055699819248, guid: b5cc45f2a4041c848a14f271adc59207, type: 3}
      propertyPath: m_LocalRotation.y
      value: 0.7112153
      objectReference: {fileID: 0}
    - target: {fileID: 7930803055699819248, guid: b5cc45f2a4041c848a14f271adc59207, type: 3}
      propertyPath: m_LocalRotation.z
      value: -0
      objectReference: {fileID: 0}
    - target: {fileID: 7930803055699819248, guid: b5cc45f2a4041c848a14f271adc59207, type: 3}
      propertyPath: m_LocalEulerAnglesHint.x
      value: 0
      objectReference: {fileID: 0}
    - target: {fileID: 7930803055699819248, guid: b5cc45f2a4041c848a14f271adc59207, type: 3}
      propertyPath: m_LocalEulerAnglesHint.y
      value: 0
      objectReference: {fileID: 0}
    - target: {fileID: 7930803055699819248, guid: b5cc45f2a4041c848a14f271adc59207, type: 3}
      propertyPath: m_LocalEulerAnglesHint.z
      value: 0
      objectReference: {fileID: 0}
    m_RemovedComponents: []
  m_SourcePrefab: {fileID: 100100000, guid: b5cc45f2a4041c848a14f271adc59207, type: 3}
--- !u!4 &7109951892101123710 stripped
Transform:
  m_CorrespondingSourceObject: {fileID: 7930803055699819248, guid: b5cc45f2a4041c848a14f271adc59207, type: 3}
  m_PrefabInstance: {fileID: 910924283584984206}
  m_PrefabAsset: {fileID: 0}
--- !u!1001 &2319672214863552016
PrefabInstance:
  m_ObjectHideFlags: 0
  serializedVersion: 2
  m_Modification:
    m_TransformParent: {fileID: 6143859410415327121}
    m_Modifications:
    - target: {fileID: 7296974822869934154, guid: b5cc45f2a4041c848a14f271adc59207, type: 3}
      propertyPath: m_Name
      value: Sach1 (9)
      objectReference: {fileID: 0}
    - target: {fileID: 7930803055699819248, guid: b5cc45f2a4041c848a14f271adc59207, type: 3}
      propertyPath: m_RootOrder
      value: 11
      objectReference: {fileID: 0}
    - target: {fileID: 7930803055699819248, guid: b5cc45f2a4041c848a14f271adc59207, type: 3}
      propertyPath: m_LocalScale.x
      value: 1.5858138
      objectReference: {fileID: 0}
    - target: {fileID: 7930803055699819248, guid: b5cc45f2a4041c848a14f271adc59207, type: 3}
      propertyPath: m_LocalScale.y
      value: 0.75509894
      objectReference: {fileID: 0}
    - target: {fileID: 7930803055699819248, guid: b5cc45f2a4041c848a14f271adc59207, type: 3}
      propertyPath: m_LocalScale.z
      value: 0.8660391
      objectReference: {fileID: 0}
    - target: {fileID: 7930803055699819248, guid: b5cc45f2a4041c848a14f271adc59207, type: 3}
      propertyPath: m_LocalPosition.x
      value: 2.3220632
      objectReference: {fileID: 0}
    - target: {fileID: 7930803055699819248, guid: b5cc45f2a4041c848a14f271adc59207, type: 3}
      propertyPath: m_LocalPosition.y
      value: 1.2887018
      objectReference: {fileID: 0}
    - target: {fileID: 7930803055699819248, guid: b5cc45f2a4041c848a14f271adc59207, type: 3}
      propertyPath: m_LocalPosition.z
      value: -0.57931733
      objectReference: {fileID: 0}
    - target: {fileID: 7930803055699819248, guid: b5cc45f2a4041c848a14f271adc59207, type: 3}
      propertyPath: m_LocalRotation.w
      value: 0.70297426
      objectReference: {fileID: 0}
    - target: {fileID: 7930803055699819248, guid: b5cc45f2a4041c848a14f271adc59207, type: 3}
      propertyPath: m_LocalRotation.x
      value: -0
      objectReference: {fileID: 0}
    - target: {fileID: 7930803055699819248, guid: b5cc45f2a4041c848a14f271adc59207, type: 3}
      propertyPath: m_LocalRotation.y
      value: 0.7112153
      objectReference: {fileID: 0}
    - target: {fileID: 7930803055699819248, guid: b5cc45f2a4041c848a14f271adc59207, type: 3}
      propertyPath: m_LocalRotation.z
      value: -0
      objectReference: {fileID: 0}
    - target: {fileID: 7930803055699819248, guid: b5cc45f2a4041c848a14f271adc59207, type: 3}
      propertyPath: m_LocalEulerAnglesHint.x
      value: 0
      objectReference: {fileID: 0}
    - target: {fileID: 7930803055699819248, guid: b5cc45f2a4041c848a14f271adc59207, type: 3}
      propertyPath: m_LocalEulerAnglesHint.y
      value: 0
      objectReference: {fileID: 0}
    - target: {fileID: 7930803055699819248, guid: b5cc45f2a4041c848a14f271adc59207, type: 3}
      propertyPath: m_LocalEulerAnglesHint.z
      value: 0
      objectReference: {fileID: 0}
    m_RemovedComponents: []
  m_SourcePrefab: {fileID: 100100000, guid: b5cc45f2a4041c848a14f271adc59207, type: 3}
--- !u!4 &5638223931293361376 stripped
Transform:
  m_CorrespondingSourceObject: {fileID: 7930803055699819248, guid: b5cc45f2a4041c848a14f271adc59207, type: 3}
  m_PrefabInstance: {fileID: 2319672214863552016}
  m_PrefabAsset: {fileID: 0}
--- !u!1001 &2900395133930569585
PrefabInstance:
  m_ObjectHideFlags: 0
  serializedVersion: 2
  m_Modification:
    m_TransformParent: {fileID: 6143859410415327121}
    m_Modifications:
    - target: {fileID: 7296974822869934154, guid: b5cc45f2a4041c848a14f271adc59207, type: 3}
      propertyPath: m_Name
      value: Sach1 (2)
      objectReference: {fileID: 0}
    - target: {fileID: 7930803055699819248, guid: b5cc45f2a4041c848a14f271adc59207, type: 3}
      propertyPath: m_RootOrder
      value: 4
      objectReference: {fileID: 0}
    - target: {fileID: 7930803055699819248, guid: b5cc45f2a4041c848a14f271adc59207, type: 3}
      propertyPath: m_LocalScale.x
      value: 1.5858138
      objectReference: {fileID: 0}
    - target: {fileID: 7930803055699819248, guid: b5cc45f2a4041c848a14f271adc59207, type: 3}
      propertyPath: m_LocalScale.y
      value: 0.75509894
      objectReference: {fileID: 0}
    - target: {fileID: 7930803055699819248, guid: b5cc45f2a4041c848a14f271adc59207, type: 3}
      propertyPath: m_LocalScale.z
      value: 0.8660391
      objectReference: {fileID: 0}
    - target: {fileID: 7930803055699819248, guid: b5cc45f2a4041c848a14f271adc59207, type: 3}
      propertyPath: m_LocalPosition.x
      value: 1.871781
      objectReference: {fileID: 0}
    - target: {fileID: 7930803055699819248, guid: b5cc45f2a4041c848a14f271adc59207, type: 3}
      propertyPath: m_LocalPosition.y
      value: -0.7047596
      objectReference: {fileID: 0}
    - target: {fileID: 7930803055699819248, guid: b5cc45f2a4041c848a14f271adc59207, type: 3}
      propertyPath: m_LocalPosition.z
      value: -0.5697034
      objectReference: {fileID: 0}
    - target: {fileID: 7930803055699819248, guid: b5cc45f2a4041c848a14f271adc59207, type: 3}
      propertyPath: m_LocalRotation.w
      value: 0.70297426
      objectReference: {fileID: 0}
    - target: {fileID: 7930803055699819248, guid: b5cc45f2a4041c848a14f271adc59207, type: 3}
      propertyPath: m_LocalRotation.x
      value: -0
      objectReference: {fileID: 0}
    - target: {fileID: 7930803055699819248, guid: b5cc45f2a4041c848a14f271adc59207, type: 3}
      propertyPath: m_LocalRotation.y
      value: 0.7112153
      objectReference: {fileID: 0}
    - target: {fileID: 7930803055699819248, guid: b5cc45f2a4041c848a14f271adc59207, type: 3}
      propertyPath: m_LocalRotation.z
      value: -0
      objectReference: {fileID: 0}
    - target: {fileID: 7930803055699819248, guid: b5cc45f2a4041c848a14f271adc59207, type: 3}
      propertyPath: m_LocalEulerAnglesHint.x
      value: 0
      objectReference: {fileID: 0}
    - target: {fileID: 7930803055699819248, guid: b5cc45f2a4041c848a14f271adc59207, type: 3}
      propertyPath: m_LocalEulerAnglesHint.y
      value: 0
      objectReference: {fileID: 0}
    - target: {fileID: 7930803055699819248, guid: b5cc45f2a4041c848a14f271adc59207, type: 3}
      propertyPath: m_LocalEulerAnglesHint.z
      value: 0
      objectReference: {fileID: 0}
    m_RemovedComponents: []
  m_SourcePrefab: {fileID: 100100000, guid: b5cc45f2a4041c848a14f271adc59207, type: 3}
--- !u!4 &5066436733825058177 stripped
Transform:
  m_CorrespondingSourceObject: {fileID: 7930803055699819248, guid: b5cc45f2a4041c848a14f271adc59207, type: 3}
  m_PrefabInstance: {fileID: 2900395133930569585}
  m_PrefabAsset: {fileID: 0}
--- !u!1001 &4577912052325601643
PrefabInstance:
  m_ObjectHideFlags: 0
  serializedVersion: 2
  m_Modification:
    m_TransformParent: {fileID: 6143859410415327121}
    m_Modifications:
    - target: {fileID: 7296974822869934154, guid: b5cc45f2a4041c848a14f271adc59207, type: 3}
      propertyPath: m_Name
      value: Sach1 (5)
      objectReference: {fileID: 0}
    - target: {fileID: 7930803055699819248, guid: b5cc45f2a4041c848a14f271adc59207, type: 3}
      propertyPath: m_RootOrder
      value: 7
      objectReference: {fileID: 0}
    - target: {fileID: 7930803055699819248, guid: b5cc45f2a4041c848a14f271adc59207, type: 3}
      propertyPath: m_LocalScale.x
      value: 1.5858138
      objectReference: {fileID: 0}
    - target: {fileID: 7930803055699819248, guid: b5cc45f2a4041c848a14f271adc59207, type: 3}
      propertyPath: m_LocalScale.y
      value: 0.75509894
      objectReference: {fileID: 0}
    - target: {fileID: 7930803055699819248, guid: b5cc45f2a4041c848a14f271adc59207, type: 3}
      propertyPath: m_LocalScale.z
      value: 0.8660391
      objectReference: {fileID: 0}
    - target: {fileID: 7930803055699819248, guid: b5cc45f2a4041c848a14f271adc59207, type: 3}
      propertyPath: m_LocalPosition.x
      value: 5.0006623
      objectReference: {fileID: 0}
    - target: {fileID: 7930803055699819248, guid: b5cc45f2a4041c848a14f271adc59207, type: 3}
      propertyPath: m_LocalPosition.y
      value: -0.7047596
      objectReference: {fileID: 0}
    - target: {fileID: 7930803055699819248, guid: b5cc45f2a4041c848a14f271adc59207, type: 3}
      propertyPath: m_LocalPosition.z
      value: -0.63649374
      objectReference: {fileID: 0}
    - target: {fileID: 7930803055699819248, guid: b5cc45f2a4041c848a14f271adc59207, type: 3}
      propertyPath: m_LocalRotation.w
      value: 0.70297426
      objectReference: {fileID: 0}
    - target: {fileID: 7930803055699819248, guid: b5cc45f2a4041c848a14f271adc59207, type: 3}
      propertyPath: m_LocalRotation.x
      value: -0
      objectReference: {fileID: 0}
    - target: {fileID: 7930803055699819248, guid: b5cc45f2a4041c848a14f271adc59207, type: 3}
      propertyPath: m_LocalRotation.y
      value: 0.7112153
      objectReference: {fileID: 0}
    - target: {fileID: 7930803055699819248, guid: b5cc45f2a4041c848a14f271adc59207, type: 3}
      propertyPath: m_LocalRotation.z
      value: -0
      objectReference: {fileID: 0}
    - target: {fileID: 7930803055699819248, guid: b5cc45f2a4041c848a14f271adc59207, type: 3}
      propertyPath: m_LocalEulerAnglesHint.x
      value: 0
      objectReference: {fileID: 0}
    - target: {fileID: 7930803055699819248, guid: b5cc45f2a4041c848a14f271adc59207, type: 3}
      propertyPath: m_LocalEulerAnglesHint.y
      value: 0
      objectReference: {fileID: 0}
    - target: {fileID: 7930803055699819248, guid: b5cc45f2a4041c848a14f271adc59207, type: 3}
      propertyPath: m_LocalEulerAnglesHint.z
      value: 0
      objectReference: {fileID: 0}
    m_RemovedComponents: []
  m_SourcePrefab: {fileID: 100100000, guid: b5cc45f2a4041c848a14f271adc59207, type: 3}
--- !u!4 &5874907907946523547 stripped
Transform:
  m_CorrespondingSourceObject: {fileID: 7930803055699819248, guid: b5cc45f2a4041c848a14f271adc59207, type: 3}
  m_PrefabInstance: {fileID: 4577912052325601643}
  m_PrefabAsset: {fileID: 0}
--- !u!1001 &4623864694643169981
PrefabInstance:
  m_ObjectHideFlags: 0
  serializedVersion: 2
  m_Modification:
    m_TransformParent: {fileID: 6143859410415327121}
    m_Modifications:
    - target: {fileID: 7296974822869934154, guid: b5cc45f2a4041c848a14f271adc59207, type: 3}
      propertyPath: m_Name
      value: Sach1 (1)
      objectReference: {fileID: 0}
    - target: {fileID: 7930803055699819248, guid: b5cc45f2a4041c848a14f271adc59207, type: 3}
      propertyPath: m_RootOrder
      value: 3
      objectReference: {fileID: 0}
    - target: {fileID: 7930803055699819248, guid: b5cc45f2a4041c848a14f271adc59207, type: 3}
      propertyPath: m_LocalScale.x
      value: 1.5858138
      objectReference: {fileID: 0}
    - target: {fileID: 7930803055699819248, guid: b5cc45f2a4041c848a14f271adc59207, type: 3}
      propertyPath: m_LocalScale.y
      value: 0.75509894
      objectReference: {fileID: 0}
    - target: {fileID: 7930803055699819248, guid: b5cc45f2a4041c848a14f271adc59207, type: 3}
      propertyPath: m_LocalScale.z
      value: 0.8660391
      objectReference: {fileID: 0}
    - target: {fileID: 7930803055699819248, guid: b5cc45f2a4041c848a14f271adc59207, type: 3}
      propertyPath: m_LocalPosition.x
      value: 1.4474758
      objectReference: {fileID: 0}
    - target: {fileID: 7930803055699819248, guid: b5cc45f2a4041c848a14f271adc59207, type: 3}
      propertyPath: m_LocalPosition.y
      value: -0.7047596
      objectReference: {fileID: 0}
    - target: {fileID: 7930803055699819248, guid: b5cc45f2a4041c848a14f271adc59207, type: 3}
      propertyPath: m_LocalPosition.z
      value: -0.5606472
      objectReference: {fileID: 0}
    - target: {fileID: 7930803055699819248, guid: b5cc45f2a4041c848a14f271adc59207, type: 3}
      propertyPath: m_LocalRotation.w
      value: 0.70297426
      objectReference: {fileID: 0}
    - target: {fileID: 7930803055699819248, guid: b5cc45f2a4041c848a14f271adc59207, type: 3}
      propertyPath: m_LocalRotation.x
      value: -0
      objectReference: {fileID: 0}
    - target: {fileID: 7930803055699819248, guid: b5cc45f2a4041c848a14f271adc59207, type: 3}
      propertyPath: m_LocalRotation.y
      value: 0.7112153
      objectReference: {fileID: 0}
    - target: {fileID: 7930803055699819248, guid: b5cc45f2a4041c848a14f271adc59207, type: 3}
      propertyPath: m_LocalRotation.z
      value: -0
      objectReference: {fileID: 0}
    - target: {fileID: 7930803055699819248, guid: b5cc45f2a4041c848a14f271adc59207, type: 3}
      propertyPath: m_LocalEulerAnglesHint.x
      value: 0
      objectReference: {fileID: 0}
    - target: {fileID: 7930803055699819248, guid: b5cc45f2a4041c848a14f271adc59207, type: 3}
      propertyPath: m_LocalEulerAnglesHint.y
      value: 0
      objectReference: {fileID: 0}
    - target: {fileID: 7930803055699819248, guid: b5cc45f2a4041c848a14f271adc59207, type: 3}
      propertyPath: m_LocalEulerAnglesHint.z
      value: 0
      objectReference: {fileID: 0}
    m_RemovedComponents: []
  m_SourcePrefab: {fileID: 100100000, guid: b5cc45f2a4041c848a14f271adc59207, type: 3}
--- !u!4 &3324953043073294413 stripped
Transform:
  m_CorrespondingSourceObject: {fileID: 7930803055699819248, guid: b5cc45f2a4041c848a14f271adc59207, type: 3}
  m_PrefabInstance: {fileID: 4623864694643169981}
  m_PrefabAsset: {fileID: 0}
--- !u!1001 &5170875392521216545
PrefabInstance:
  m_ObjectHideFlags: 0
  serializedVersion: 2
  m_Modification:
    m_TransformParent: {fileID: 6143859410415327121}
    m_Modifications:
    - target: {fileID: 7296974822869934154, guid: b5cc45f2a4041c848a14f271adc59207, type: 3}
      propertyPath: m_Name
      value: Sach1 (7)
      objectReference: {fileID: 0}
    - target: {fileID: 7930803055699819248, guid: b5cc45f2a4041c848a14f271adc59207, type: 3}
      propertyPath: m_RootOrder
      value: 9
      objectReference: {fileID: 0}
    - target: {fileID: 7930803055699819248, guid: b5cc45f2a4041c848a14f271adc59207, type: 3}
      propertyPath: m_LocalScale.x
      value: 1.5858138
      objectReference: {fileID: 0}
    - target: {fileID: 7930803055699819248, guid: b5cc45f2a4041c848a14f271adc59207, type: 3}
      propertyPath: m_LocalScale.y
      value: 0.75509894
      objectReference: {fileID: 0}
    - target: {fileID: 7930803055699819248, guid: b5cc45f2a4041c848a14f271adc59207, type: 3}
      propertyPath: m_LocalScale.z
      value: 0.8660391
      objectReference: {fileID: 0}
    - target: {fileID: 7930803055699819248, guid: b5cc45f2a4041c848a14f271adc59207, type: 3}
      propertyPath: m_LocalPosition.x
      value: 1.4243859
      objectReference: {fileID: 0}
    - target: {fileID: 7930803055699819248, guid: b5cc45f2a4041c848a14f271adc59207, type: 3}
      propertyPath: m_LocalPosition.y
      value: 1.2887018
      objectReference: {fileID: 0}
    - target: {fileID: 7930803055699819248, guid: b5cc45f2a4041c848a14f271adc59207, type: 3}
      propertyPath: m_LocalPosition.z
      value: -0.5601525
      objectReference: {fileID: 0}
    - target: {fileID: 7930803055699819248, guid: b5cc45f2a4041c848a14f271adc59207, type: 3}
      propertyPath: m_LocalRotation.w
      value: 0.70297426
      objectReference: {fileID: 0}
    - target: {fileID: 7930803055699819248, guid: b5cc45f2a4041c848a14f271adc59207, type: 3}
      propertyPath: m_LocalRotation.x
      value: -0
      objectReference: {fileID: 0}
    - target: {fileID: 7930803055699819248, guid: b5cc45f2a4041c848a14f271adc59207, type: 3}
      propertyPath: m_LocalRotation.y
      value: 0.7112153
      objectReference: {fileID: 0}
    - target: {fileID: 7930803055699819248, guid: b5cc45f2a4041c848a14f271adc59207, type: 3}
      propertyPath: m_LocalRotation.z
      value: -0
      objectReference: {fileID: 0}
    - target: {fileID: 7930803055699819248, guid: b5cc45f2a4041c848a14f271adc59207, type: 3}
      propertyPath: m_LocalEulerAnglesHint.x
      value: 0
      objectReference: {fileID: 0}
    - target: {fileID: 7930803055699819248, guid: b5cc45f2a4041c848a14f271adc59207, type: 3}
      propertyPath: m_LocalEulerAnglesHint.y
      value: 0
      objectReference: {fileID: 0}
    - target: {fileID: 7930803055699819248, guid: b5cc45f2a4041c848a14f271adc59207, type: 3}
      propertyPath: m_LocalEulerAnglesHint.z
      value: 0
      objectReference: {fileID: 0}
    m_RemovedComponents: []
  m_SourcePrefab: {fileID: 100100000, guid: b5cc45f2a4041c848a14f271adc59207, type: 3}
--- !u!4 &3012200725634144465 stripped
Transform:
  m_CorrespondingSourceObject: {fileID: 7930803055699819248, guid: b5cc45f2a4041c848a14f271adc59207, type: 3}
  m_PrefabInstance: {fileID: 5170875392521216545}
  m_PrefabAsset: {fileID: 0}
--- !u!1001 &7383413969068152341
PrefabInstance:
  m_ObjectHideFlags: 0
  serializedVersion: 2
  m_Modification:
    m_TransformParent: {fileID: 6143859410415327121}
    m_Modifications:
    - target: {fileID: 7296974822869934154, guid: b5cc45f2a4041c848a14f271adc59207, type: 3}
      propertyPath: m_Name
      value: Sach1 (10)
      objectReference: {fileID: 0}
    - target: {fileID: 7930803055699819248, guid: b5cc45f2a4041c848a14f271adc59207, type: 3}
      propertyPath: m_RootOrder
      value: 12
      objectReference: {fileID: 0}
    - target: {fileID: 7930803055699819248, guid: b5cc45f2a4041c848a14f271adc59207, type: 3}
      propertyPath: m_LocalScale.x
      value: 1.5858136
      objectReference: {fileID: 0}
    - target: {fileID: 7930803055699819248, guid: b5cc45f2a4041c848a14f271adc59207, type: 3}
      propertyPath: m_LocalScale.y
      value: 0.86603916
      objectReference: {fileID: 0}
    - target: {fileID: 7930803055699819248, guid: b5cc45f2a4041c848a14f271adc59207, type: 3}
      propertyPath: m_LocalScale.z
      value: 0.755099
      objectReference: {fileID: 0}
    - target: {fileID: 7930803055699819248, guid: b5cc45f2a4041c848a14f271adc59207, type: 3}
      propertyPath: m_LocalPosition.x
      value: 4.450703
      objectReference: {fileID: 0}
    - target: {fileID: 7930803055699819248, guid: b5cc45f2a4041c848a14f271adc59207, type: 3}
      propertyPath: m_LocalPosition.y
      value: 0.991698
      objectReference: {fileID: 0}
    - target: {fileID: 7930803055699819248, guid: b5cc45f2a4041c848a14f271adc59207, type: 3}
      propertyPath: m_LocalPosition.z
      value: -0.41327098
      objectReference: {fileID: 0}
    - target: {fileID: 7930803055699819248, guid: b5cc45f2a4041c848a14f271adc59207, type: 3}
      propertyPath: m_LocalRotation.w
      value: 0.4970779
      objectReference: {fileID: 0}
    - target: {fileID: 7930803055699819248, guid: b5cc45f2a4041c848a14f271adc59207, type: 3}
      propertyPath: m_LocalRotation.x
      value: -0.4970779
      objectReference: {fileID: 0}
    - target: {fileID: 7930803055699819248, guid: b5cc45f2a4041c848a14f271adc59207, type: 3}
      propertyPath: m_LocalRotation.y
      value: 0.5029052
      objectReference: {fileID: 0}
    - target: {fileID: 7930803055699819248, guid: b5cc45f2a4041c848a14f271adc59207, type: 3}
      propertyPath: m_LocalRotation.z
      value: 0.5029052
      objectReference: {fileID: 0}
    - target: {fileID: 7930803055699819248, guid: b5cc45f2a4041c848a14f271adc59207, type: 3}
      propertyPath: m_LocalEulerAnglesHint.x
      value: 0
      objectReference: {fileID: 0}
    - target: {fileID: 7930803055699819248, guid: b5cc45f2a4041c848a14f271adc59207, type: 3}
      propertyPath: m_LocalEulerAnglesHint.y
      value: 0
      objectReference: {fileID: 0}
    - target: {fileID: 7930803055699819248, guid: b5cc45f2a4041c848a14f271adc59207, type: 3}
      propertyPath: m_LocalEulerAnglesHint.z
      value: 0
      objectReference: {fileID: 0}
    m_RemovedComponents: []
  m_SourcePrefab: {fileID: 100100000, guid: b5cc45f2a4041c848a14f271adc59207, type: 3}
--- !u!4 &610511248217812197 stripped
Transform:
  m_CorrespondingSourceObject: {fileID: 7930803055699819248, guid: b5cc45f2a4041c848a14f271adc59207, type: 3}
  m_PrefabInstance: {fileID: 7383413969068152341}
  m_PrefabAsset: {fileID: 0}
--- !u!1001 &7931726930143741592
PrefabInstance:
  m_ObjectHideFlags: 0
  serializedVersion: 2
  m_Modification:
    m_TransformParent: {fileID: 6143859410415327121}
    m_Modifications:
    - target: {fileID: 7296974822869934154, guid: b5cc45f2a4041c848a14f271adc59207, type: 3}
      propertyPath: m_Name
      value: Sach1 (4)
      objectReference: {fileID: 0}
    - target: {fileID: 7930803055699819248, guid: b5cc45f2a4041c848a14f271adc59207, type: 3}
      propertyPath: m_RootOrder
      value: 6
      objectReference: {fileID: 0}
    - target: {fileID: 7930803055699819248, guid: b5cc45f2a4041c848a14f271adc59207, type: 3}
      propertyPath: m_LocalScale.x
      value: 1.5858138
      objectReference: {fileID: 0}
    - target: {fileID: 7930803055699819248, guid: b5cc45f2a4041c848a14f271adc59207, type: 3}
      propertyPath: m_LocalScale.y
      value: 0.75509894
      objectReference: {fileID: 0}
    - target: {fileID: 7930803055699819248, guid: b5cc45f2a4041c848a14f271adc59207, type: 3}
      propertyPath: m_LocalScale.z
      value: 0.8660391
      objectReference: {fileID: 0}
    - target: {fileID: 7930803055699819248, guid: b5cc45f2a4041c848a14f271adc59207, type: 3}
      propertyPath: m_LocalPosition.x
      value: 4.5763593
      objectReference: {fileID: 0}
    - target: {fileID: 7930803055699819248, guid: b5cc45f2a4041c848a14f271adc59207, type: 3}
      propertyPath: m_LocalPosition.y
      value: -0.7047596
      objectReference: {fileID: 0}
    - target: {fileID: 7930803055699819248, guid: b5cc45f2a4041c848a14f271adc59207, type: 3}
      propertyPath: m_LocalPosition.z
      value: -0.6274344
      objectReference: {fileID: 0}
    - target: {fileID: 7930803055699819248, guid: b5cc45f2a4041c848a14f271adc59207, type: 3}
      propertyPath: m_LocalRotation.w
      value: 0.70297426
      objectReference: {fileID: 0}
    - target: {fileID: 7930803055699819248, guid: b5cc45f2a4041c848a14f271adc59207, type: 3}
      propertyPath: m_LocalRotation.x
      value: -0
      objectReference: {fileID: 0}
    - target: {fileID: 7930803055699819248, guid: b5cc45f2a4041c848a14f271adc59207, type: 3}
      propertyPath: m_LocalRotation.y
      value: 0.7112153
      objectReference: {fileID: 0}
    - target: {fileID: 7930803055699819248, guid: b5cc45f2a4041c848a14f271adc59207, type: 3}
      propertyPath: m_LocalRotation.z
      value: -0
      objectReference: {fileID: 0}
    - target: {fileID: 7930803055699819248, guid: b5cc45f2a4041c848a14f271adc59207, type: 3}
      propertyPath: m_LocalEulerAnglesHint.x
      value: 0
      objectReference: {fileID: 0}
    - target: {fileID: 7930803055699819248, guid: b5cc45f2a4041c848a14f271adc59207, type: 3}
      propertyPath: m_LocalEulerAnglesHint.y
      value: 0
      objectReference: {fileID: 0}
    - target: {fileID: 7930803055699819248, guid: b5cc45f2a4041c848a14f271adc59207, type: 3}
      propertyPath: m_LocalEulerAnglesHint.z
      value: 0
      objectReference: {fileID: 0}
    m_RemovedComponents: []
  m_SourcePrefab: {fileID: 100100000, guid: b5cc45f2a4041c848a14f271adc59207, type: 3}
--- !u!4 &8154812664249448 stripped
Transform:
  m_CorrespondingSourceObject: {fileID: 7930803055699819248, guid: b5cc45f2a4041c848a14f271adc59207, type: 3}
  m_PrefabInstance: {fileID: 7931726930143741592}
  m_PrefabAsset: {fileID: 0}
--- !u!1001 &9201280394519584269
PrefabInstance:
  m_ObjectHideFlags: 0
  serializedVersion: 2
  m_Modification:
    m_TransformParent: {fileID: 6143859410415327121}
    m_Modifications:
    - target: {fileID: 7296974822869934154, guid: b5cc45f2a4041c848a14f271adc59207, type: 3}
      propertyPath: m_Name
      value: Sach1 (8)
      objectReference: {fileID: 0}
    - target: {fileID: 7930803055699819248, guid: b5cc45f2a4041c848a14f271adc59207, type: 3}
      propertyPath: m_RootOrder
      value: 10
      objectReference: {fileID: 0}
    - target: {fileID: 7930803055699819248, guid: b5cc45f2a4041c848a14f271adc59207, type: 3}
      propertyPath: m_LocalScale.x
      value: 1.5858138
      objectReference: {fileID: 0}
    - target: {fileID: 7930803055699819248, guid: b5cc45f2a4041c848a14f271adc59207, type: 3}
      propertyPath: m_LocalScale.y
      value: 0.75509894
      objectReference: {fileID: 0}
    - target: {fileID: 7930803055699819248, guid: b5cc45f2a4041c848a14f271adc59207, type: 3}
      propertyPath: m_LocalScale.z
      value: 0.8660391
      objectReference: {fileID: 0}
    - target: {fileID: 7930803055699819248, guid: b5cc45f2a4041c848a14f271adc59207, type: 3}
      propertyPath: m_LocalPosition.x
      value: 1.8486876
      objectReference: {fileID: 0}
    - target: {fileID: 7930803055699819248, guid: b5cc45f2a4041c848a14f271adc59207, type: 3}
      propertyPath: m_LocalPosition.y
      value: 1.2887018
      objectReference: {fileID: 0}
    - target: {fileID: 7930803055699819248, guid: b5cc45f2a4041c848a14f271adc59207, type: 3}
      propertyPath: m_LocalPosition.z
      value: -0.5692087
      objectReference: {fileID: 0}
    - target: {fileID: 7930803055699819248, guid: b5cc45f2a4041c848a14f271adc59207, type: 3}
      propertyPath: m_LocalRotation.w
      value: 0.70297426
      objectReference: {fileID: 0}
    - target: {fileID: 7930803055699819248, guid: b5cc45f2a4041c848a14f271adc59207, type: 3}
      propertyPath: m_LocalRotation.x
      value: -0
      objectReference: {fileID: 0}
    - target: {fileID: 7930803055699819248, guid: b5cc45f2a4041c848a14f271adc59207, type: 3}
      propertyPath: m_LocalRotation.y
      value: 0.7112153
      objectReference: {fileID: 0}
    - target: {fileID: 7930803055699819248, guid: b5cc45f2a4041c848a14f271adc59207, type: 3}
      propertyPath: m_LocalRotation.z
      value: -0
      objectReference: {fileID: 0}
    - target: {fileID: 7930803055699819248, guid: b5cc45f2a4041c848a14f271adc59207, type: 3}
      propertyPath: m_LocalEulerAnglesHint.x
      value: 0
      objectReference: {fileID: 0}
    - target: {fileID: 7930803055699819248, guid: b5cc45f2a4041c848a14f271adc59207, type: 3}
      propertyPath: m_LocalEulerAnglesHint.y
      value: 0
      objectReference: {fileID: 0}
    - target: {fileID: 7930803055699819248, guid: b5cc45f2a4041c848a14f271adc59207, type: 3}
      propertyPath: m_LocalEulerAnglesHint.z
      value: 0
      objectReference: {fileID: 0}
    m_RemovedComponents: []
  m_SourcePrefab: {fileID: 100100000, guid: b5cc45f2a4041c848a14f271adc59207, type: 3}
--- !u!4 &1278561154616714493 stripped
Transform:
  m_CorrespondingSourceObject: {fileID: 7930803055699819248, guid: b5cc45f2a4041c848a14f271adc59207, type: 3}
  m_PrefabInstance: {fileID: 9201280394519584269}
  m_PrefabAsset: {fileID: 0}
