%YAML 1.1
%TAG !u! tag:unity3d.com,2011:
--- !u!1 &505098838
GameObject:
  m_ObjectHideFlags: 0
  m_CorrespondingSourceObject: {fileID: 0}
  m_PrefabInstance: {fileID: 0}
  m_PrefabAsset: {fileID: 0}
  serializedVersion: 6
  m_Component:
  - component: {fileID: 505098839}
  - component: {fileID: 505098841}
  - component: {fileID: 505098840}
  m_Layer: 0
  m_Name: Line006
  m_TagString: Untagged
  m_Icon: {fileID: 0}
  m_NavMeshLayer: 0
  m_StaticEditorFlags: 0
  m_IsActive: 1
--- !u!4 &505098839
Transform:
  m_ObjectHideFlags: 0
  m_CorrespondingSourceObject: {fileID: 0}
  m_PrefabInstance: {fileID: 0}
  m_PrefabAsset: {fileID: 0}
  m_GameObject: {fileID: 505098838}
  m_LocalRotation: {x: 1, y: -0, z: 0, w: -0.00000016292068}
  m_LocalPosition: {x: -1.2396421, y: 0.0065446584, z: 0.16972297}
  m_LocalScale: {x: 0.673968, y: 0.673968, z: 0.673968}
  m_Children: []
  m_Father: {fileID: 1926206717}
  m_RootOrder: 3
  m_LocalEulerAnglesHint: {x: 0, y: 0, z: 0}
--- !u!33 &505098841
MeshFilter:
  m_ObjectHideFlags: 0
  m_CorrespondingSourceObject: {fileID: 0}
  m_PrefabInstance: {fileID: 0}
  m_PrefabAsset: {fileID: 0}
  m_GameObject: {fileID: 505098838}
  m_Mesh: {fileID: -7332506622660098701, guid: 5e217ec608734c144b77cb44e541f90f, type: 3}
--- !u!23 &505098840
MeshRenderer:
  m_ObjectHideFlags: 0
  m_CorrespondingSourceObject: {fileID: 0}
  m_PrefabInstance: {fileID: 0}
  m_PrefabAsset: {fileID: 0}
  m_GameObject: {fileID: 505098838}
  m_Enabled: 1
  m_CastShadows: 1
  m_ReceiveShadows: 1
  m_DynamicOccludee: 1
  m_MotionVectors: 1
  m_LightProbeUsage: 1
  m_ReflectionProbeUsage: 1
  m_RayTracingMode: 2
  m_RayTraceProcedural: 0
  m_RenderingLayerMask: 1
  m_RendererPriority: 0
  m_Materials:
  - {fileID: 10303, guid: 0000000000000000f000000000000000, type: 0}
  m_StaticBatchInfo:
    firstSubMesh: 0
    subMeshCount: 0
  m_StaticBatchRoot: {fileID: 0}
  m_ProbeAnchor: {fileID: 0}
  m_LightProbeVolumeOverride: {fileID: 0}
  m_ScaleInLightmap: 1
  m_ReceiveGI: 1
  m_PreserveUVs: 0
  m_IgnoreNormalsForChartDetection: 0
  m_ImportantGI: 0
  m_StitchLightmapSeams: 1
  m_SelectedEditorRenderState: 3
  m_MinimumChartSize: 4
  m_AutoUVMaxDistance: 0.5
  m_AutoUVMaxAngle: 89
  m_LightmapParameters: {fileID: 0}
  m_SortingLayerID: 0
  m_SortingLayer: 0
  m_SortingOrder: 0
  m_AdditionalVertexStreams: {fileID: 0}
--- !u!1 &506535053
GameObject:
  m_ObjectHideFlags: 0
  m_CorrespondingSourceObject: {fileID: 0}
  m_PrefabInstance: {fileID: 0}
  m_PrefabAsset: {fileID: 0}
  serializedVersion: 6
  m_Component:
  - component: {fileID: 506535054}
  - component: {fileID: 506535056}
  - component: {fileID: 506535055}
  m_Layer: 0
  m_Name: Box048
  m_TagString: Untagged
  m_Icon: {fileID: 0}
  m_NavMeshLayer: 0
  m_StaticEditorFlags: 0
  m_IsActive: 1
--- !u!4 &506535054
Transform:
  m_ObjectHideFlags: 0
  m_CorrespondingSourceObject: {fileID: 0}
  m_PrefabInstance: {fileID: 0}
  m_PrefabAsset: {fileID: 0}
  m_GameObject: {fileID: 506535053}
  m_LocalRotation: {x: 0.7071068, y: 0, z: -0, w: 0.7071067}
  m_LocalPosition: {x: -1.2364361, y: -0.22583728, z: -0.23752348}
  m_LocalScale: {x: 0.61758894, y: 0.61758894, z: 0.3049447}
  m_Children: []
  m_Father: {fileID: 1926206717}
  m_RootOrder: 1
  m_LocalEulerAnglesHint: {x: 0, y: 0, z: 0}
--- !u!33 &506535056
MeshFilter:
  m_ObjectHideFlags: 0
  m_CorrespondingSourceObject: {fileID: 0}
  m_PrefabInstance: {fileID: 0}
  m_PrefabAsset: {fileID: 0}
  m_GameObject: {fileID: 506535053}
  m_Mesh: {fileID: 8832725224115948559, guid: 5e217ec608734c144b77cb44e541f90f, type: 3}
--- !u!23 &506535055
MeshRenderer:
  m_ObjectHideFlags: 0
  m_CorrespondingSourceObject: {fileID: 0}
  m_PrefabInstance: {fileID: 0}
  m_PrefabAsset: {fileID: 0}
  m_GameObject: {fileID: 506535053}
  m_Enabled: 1
  m_CastShadows: 1
  m_ReceiveShadows: 1
  m_DynamicOccludee: 1
  m_MotionVectors: 1
  m_LightProbeUsage: 1
  m_ReflectionProbeUsage: 1
  m_RayTracingMode: 2
  m_RayTraceProcedural: 0
  m_RenderingLayerMask: 1
  m_RendererPriority: 0
  m_Materials:
  - {fileID: 10303, guid: 0000000000000000f000000000000000, type: 0}
  m_StaticBatchInfo:
    firstSubMesh: 0
    subMeshCount: 0
  m_StaticBatchRoot: {fileID: 0}
  m_ProbeAnchor: {fileID: 0}
  m_LightProbeVolumeOverride: {fileID: 0}
  m_ScaleInLightmap: 1
  m_ReceiveGI: 1
  m_PreserveUVs: 0
  m_IgnoreNormalsForChartDetection: 0
  m_ImportantGI: 0
  m_StitchLightmapSeams: 1
  m_SelectedEditorRenderState: 3
  m_MinimumChartSize: 4
  m_AutoUVMaxDistance: 0.5
  m_AutoUVMaxAngle: 89
  m_LightmapParameters: {fileID: 0}
  m_SortingLayerID: 0
  m_SortingLayer: 0
  m_SortingOrder: 0
  m_AdditionalVertexStreams: {fileID: 0}
--- !u!1 &536777200
GameObject:
  m_ObjectHideFlags: 0
  m_CorrespondingSourceObject: {fileID: 0}
  m_PrefabInstance: {fileID: 0}
  m_PrefabAsset: {fileID: 0}
  serializedVersion: 6
  m_Component:
  - component: {fileID: 536777201}
  - component: {fileID: 536777203}
  - component: {fileID: 536777202}
  m_Layer: 0
  m_Name: Cylinder004
  m_TagString: Untagged
  m_Icon: {fileID: 0}
  m_NavMeshLayer: 0
  m_StaticEditorFlags: 0
  m_IsActive: 1
--- !u!4 &536777201
Transform:
  m_ObjectHideFlags: 0
  m_CorrespondingSourceObject: {fileID: 0}
  m_PrefabInstance: {fileID: 0}
  m_PrefabAsset: {fileID: 0}
  m_GameObject: {fileID: 536777200}
  m_LocalRotation: {x: -0.000000115202326, y: 0.7071068, z: 0.7071068, w: -0.000000115202326}
  m_LocalPosition: {x: -1.2364361, y: -0.1825496, z: -0.23752348}
  m_LocalScale: {x: 0.39974347, y: 0.39974347, z: 0.39974347}
  m_Children: []
  m_Father: {fileID: 1926206717}
  m_RootOrder: 2
  m_LocalEulerAnglesHint: {x: 0, y: 0, z: 0}
--- !u!33 &536777203
MeshFilter:
  m_ObjectHideFlags: 0
  m_CorrespondingSourceObject: {fileID: 0}
  m_PrefabInstance: {fileID: 0}
  m_PrefabAsset: {fileID: 0}
  m_GameObject: {fileID: 536777200}
  m_Mesh: {fileID: -5208879343037863941, guid: 5e217ec608734c144b77cb44e541f90f, type: 3}
--- !u!23 &536777202
MeshRenderer:
  m_ObjectHideFlags: 0
  m_CorrespondingSourceObject: {fileID: 0}
  m_PrefabInstance: {fileID: 0}
  m_PrefabAsset: {fileID: 0}
  m_GameObject: {fileID: 536777200}
  m_Enabled: 1
  m_CastShadows: 1
  m_ReceiveShadows: 1
  m_DynamicOccludee: 1
  m_MotionVectors: 1
  m_LightProbeUsage: 1
  m_ReflectionProbeUsage: 1
  m_RayTracingMode: 2
  m_RayTraceProcedural: 0
  m_RenderingLayerMask: 1
  m_RendererPriority: 0
  m_Materials:
  - {fileID: 10303, guid: 0000000000000000f000000000000000, type: 0}
  m_StaticBatchInfo:
    firstSubMesh: 0
    subMeshCount: 0
  m_StaticBatchRoot: {fileID: 0}
  m_ProbeAnchor: {fileID: 0}
  m_LightProbeVolumeOverride: {fileID: 0}
  m_ScaleInLightmap: 1
  m_ReceiveGI: 1
  m_PreserveUVs: 0
  m_IgnoreNormalsForChartDetection: 0
  m_ImportantGI: 0
  m_StitchLightmapSeams: 1
  m_SelectedEditorRenderState: 3
  m_MinimumChartSize: 4
  m_AutoUVMaxDistance: 0.5
  m_AutoUVMaxAngle: 89
  m_LightmapParameters: {fileID: 0}
  m_SortingLayerID: 0
  m_SortingLayer: 0
  m_SortingOrder: 0
  m_AdditionalVertexStreams: {fileID: 0}
--- !u!1 &897685912
GameObject:
  m_ObjectHideFlags: 0
  m_CorrespondingSourceObject: {fileID: 0}
  m_PrefabInstance: {fileID: 0}
  m_PrefabAsset: {fileID: 0}
  serializedVersion: 6
  m_Component:
  - component: {fileID: 897685913}
  - component: {fileID: 897685915}
  - component: {fileID: 897685914}
  m_Layer: 0
  m_Name: Box047
  m_TagString: Untagged
  m_Icon: {fileID: 0}
  m_NavMeshLayer: 0
  m_StaticEditorFlags: 0
  m_IsActive: 1
--- !u!4 &897685913
Transform:
  m_ObjectHideFlags: 0
  m_CorrespondingSourceObject: {fileID: 0}
  m_PrefabInstance: {fileID: 0}
  m_PrefabAsset: {fileID: 0}
  m_GameObject: {fileID: 897685912}
  m_LocalRotation: {x: 0.70556605, y: -0.046653427, z: -0.046653427, w: 0.70556605}
  m_LocalPosition: {x: 1.352, y: -0.079, z: 2.425}
  m_LocalScale: {x: 0.76979345, y: 1.599942, z: 1}
  m_Children: []
  m_Father: {fileID: 1926206717}
  m_RootOrder: 0
  m_LocalEulerAnglesHint: {x: 82.434, y: -90, z: -90}
--- !u!33 &897685915
MeshFilter:
  m_ObjectHideFlags: 0
  m_CorrespondingSourceObject: {fileID: 0}
  m_PrefabInstance: {fileID: 0}
  m_PrefabAsset: {fileID: 0}
  m_GameObject: {fileID: 897685912}
  m_Mesh: {fileID: 347013164166513179, guid: 5e217ec608734c144b77cb44e541f90f, type: 3}
--- !u!23 &897685914
MeshRenderer:
  m_ObjectHideFlags: 0
  m_CorrespondingSourceObject: {fileID: 0}
  m_PrefabInstance: {fileID: 0}
  m_PrefabAsset: {fileID: 0}
  m_GameObject: {fileID: 897685912}
  m_Enabled: 1
  m_CastShadows: 1
  m_ReceiveShadows: 1
  m_DynamicOccludee: 1
  m_MotionVectors: 1
  m_LightProbeUsage: 1
  m_ReflectionProbeUsage: 1
  m_RayTracingMode: 2
  m_RayTraceProcedural: 0
  m_RenderingLayerMask: 1
  m_RendererPriority: 0
  m_Materials:
  - {fileID: 10303, guid: 0000000000000000f000000000000000, type: 0}
  m_StaticBatchInfo:
    firstSubMesh: 0
    subMeshCount: 0
  m_StaticBatchRoot: {fileID: 0}
  m_ProbeAnchor: {fileID: 0}
  m_LightProbeVolumeOverride: {fileID: 0}
  m_ScaleInLightmap: 1
  m_ReceiveGI: 1
  m_PreserveUVs: 0
  m_IgnoreNormalsForChartDetection: 0
  m_ImportantGI: 0
  m_StitchLightmapSeams: 1
  m_SelectedEditorRenderState: 3
  m_MinimumChartSize: 4
  m_AutoUVMaxDistance: 0.5
  m_AutoUVMaxAngle: 89
  m_LightmapParameters: {fileID: 0}
  m_SortingLayerID: 0
  m_SortingLayer: 0
  m_SortingOrder: 0
  m_AdditionalVertexStreams: {fileID: 0}
--- !u!1 &1926206716
GameObject:
  m_ObjectHideFlags: 0
  m_CorrespondingSourceObject: {fileID: 0}
  m_PrefabInstance: {fileID: 0}
  m_PrefabAsset: {fileID: 0}
  serializedVersion: 6
  m_Component:
  - component: {fileID: 1926206717}
  - component: {fileID: 668439613}
  - component: {fileID: 668439616}
  - component: {fileID: 668439614}
  - component: {fileID: 668439612}
  - component: {fileID: 668439615}
  m_Layer: 0
  m_Name: CuaTrai
  m_TagString: Untagged
  m_Icon: {fileID: 0}
  m_NavMeshLayer: 0
  m_StaticEditorFlags: 0
  m_IsActive: 1
--- !u!4 &1926206717
Transform:
  m_ObjectHideFlags: 0
  m_CorrespondingSourceObject: {fileID: 0}
  m_PrefabInstance: {fileID: 0}
  m_PrefabAsset: {fileID: 0}
  m_GameObject: {fileID: 1926206716}
  m_LocalRotation: {x: -0.5, y: -0.5, z: -0.5, w: 0.5}
  m_LocalPosition: {x: 0.81, y: 1.009, z: 0.535}
  m_LocalScale: {x: 0.44, y: 0.2, z: 0.28}
  m_Children:
  - {fileID: 897685913}
  - {fileID: 506535054}
  - {fileID: 536777201}
  - {fileID: 505098839}
  m_Father: {fileID: 1737376365523680284}
  m_RootOrder: 18
  m_LocalEulerAnglesHint: {x: -90, y: -90, z: 0}
--- !u!54 &668439613
Rigidbody:
  m_ObjectHideFlags: 0
  m_CorrespondingSourceObject: {fileID: 0}
  m_PrefabInstance: {fileID: 0}
  m_PrefabAsset: {fileID: 0}
  m_GameObject: {fileID: 1926206716}
  serializedVersion: 2
  m_Mass: 1
  m_Drag: 0
  m_AngularDrag: 0.05
  m_UseGravity: 0
  m_IsKinematic: 1
  m_Interpolate: 0
  m_Constraints: 0
  m_CollisionDetection: 0
--- !u!65 &668439616
BoxCollider:
  m_ObjectHideFlags: 0
  m_CorrespondingSourceObject: {fileID: 0}
  m_PrefabInstance: {fileID: 0}
  m_PrefabAsset: {fileID: 0}
  m_GameObject: {fileID: 1926206716}
  m_Material: {fileID: 0}
  m_IsTrigger: 0
  m_Enabled: 1
  serializedVersion: 2
  m_Size: {x: 2.9282856, y: 0.41171703, z: 12.213824}
  m_Center: {x: 0.022382366, y: -0.2941412, z: 2.4395106}
--- !u!95 &668439614
Animator:
  serializedVersion: 3
  m_ObjectHideFlags: 0
  m_CorrespondingSourceObject: {fileID: 0}
  m_PrefabInstance: {fileID: 0}
  m_PrefabAsset: {fileID: 0}
  m_GameObject: {fileID: 1926206716}
  m_Enabled: 1
  m_Avatar: {fileID: 0}
  m_Controller: {fileID: 9100000, guid: 6dbe60fe5f06afa4cb70b5f2d1edda71, type: 2}
  m_CullingMode: 0
  m_UpdateMode: 0
  m_ApplyRootMotion: 0
  m_LinearVelocityBlending: 0
  m_WarningMessage: 
  m_HasTransformHierarchy: 1
  m_AllowConstantClipSamplingOptimization: 1
  m_KeepAnimatorControllerStateOnDisable: 0
--- !u!114 &668439612
MonoBehaviour:
  m_ObjectHideFlags: 0
  m_CorrespondingSourceObject: {fileID: 0}
  m_PrefabInstance: {fileID: 0}
  m_PrefabAsset: {fileID: 0}
  m_GameObject: {fileID: 1926206716}
  m_Enabled: 1
  m_EditorHideFlags: 0
  m_Script: {fileID: 11500000, guid: 0ad34abafad169848a38072baa96cdb2, type: 3}
  m_Name: 
  m_EditorClassIdentifier: 
  m_InteractionManager: {fileID: 0}
  m_Colliders: []
  m_InteractionLayerMask:
    serializedVersion: 2
    m_Bits: 4294967295
  m_InteractionLayers:
    m_Bits: 4294967295
  m_SelectMode: 0
  m_CustomReticle: {fileID: 0}
  m_FirstHoverEntered:
    m_PersistentCalls:
      m_Calls: []
  m_LastHoverExited:
    m_PersistentCalls:
      m_Calls: []
  m_HoverEntered:
    m_PersistentCalls:
      m_Calls:
      - m_Target: {fileID: 668439615}
        m_TargetAssemblyTypeName: Door, Assembly-CSharp
        m_MethodName: ChangeState
        m_Mode: 1
        m_Arguments:
          m_ObjectArgument: {fileID: 0}
          m_ObjectArgumentAssemblyTypeName: UnityEngine.Object, UnityEngine
          m_IntArgument: 0
          m_FloatArgument: 0
          m_StringArgument: 
          m_BoolArgument: 0
        m_CallState: 2
  m_HoverExited:
    m_PersistentCalls:
      m_Calls: []
  m_FirstSelectEntered:
    m_PersistentCalls:
      m_Calls: []
  m_LastSelectExited:
    m_PersistentCalls:
      m_Calls: []
  m_SelectEntered:
    m_PersistentCalls:
      m_Calls: []
  m_SelectExited:
    m_PersistentCalls:
      m_Calls: []
  m_Activated:
    m_PersistentCalls:
      m_Calls: []
  m_Deactivated:
    m_PersistentCalls:
      m_Calls: []
  m_OnFirstHoverEntered:
    m_PersistentCalls:
      m_Calls: []
  m_OnLastHoverExited:
    m_PersistentCalls:
      m_Calls: []
  m_OnHoverEntered:
    m_PersistentCalls:
      m_Calls: []
  m_OnHoverExited:
    m_PersistentCalls:
      m_Calls: []
  m_OnSelectEntered:
    m_PersistentCalls:
      m_Calls: []
  m_OnSelectExited:
    m_PersistentCalls:
      m_Calls: []
  m_OnSelectCanceled:
    m_PersistentCalls:
      m_Calls: []
  m_OnActivate:
    m_PersistentCalls:
      m_Calls: []
  m_OnDeactivate:
    m_PersistentCalls:
      m_Calls: []
  m_AttachTransform: {fileID: 0}
  m_AttachEaseInTime: 0.15
  m_MovementType: 1
  m_VelocityDamping: 1
  m_VelocityScale: 1
  m_AngularVelocityDamping: 1
  m_AngularVelocityScale: 1
  m_TrackPosition: 1
  m_SmoothPosition: 0
  m_SmoothPositionAmount: 5
  m_TightenPosition: 0.5
  m_TrackRotation: 1
  m_SmoothRotation: 0
  m_SmoothRotationAmount: 5
  m_TightenRotation: 0.5
  m_ThrowOnDetach: 1
  m_ThrowSmoothingDuration: 0.25
  m_ThrowSmoothingCurve:
    serializedVersion: 2
    m_Curve:
    - serializedVersion: 3
      time: 1
      value: 1
      inSlope: 0
      outSlope: 0
      tangentMode: 0
      weightedMode: 0
      inWeight: 0
      outWeight: 0
    m_PreInfinity: 2
    m_PostInfinity: 2
    m_RotationOrder: 4
  m_ThrowVelocityScale: 1.5
  m_ThrowAngularVelocityScale: 1
  m_ForceGravityOnDetach: 0
  m_RetainTransformParent: 1
  m_AttachPointCompatibilityMode: 0
--- !u!114 &668439615
MonoBehaviour:
  m_ObjectHideFlags: 0
  m_CorrespondingSourceObject: {fileID: 0}
  m_PrefabInstance: {fileID: 0}
  m_PrefabAsset: {fileID: 0}
  m_GameObject: {fileID: 1926206716}
  m_Enabled: 1
  m_EditorHideFlags: 0
  m_Script: {fileID: 11500000, guid: ef0081fbe04fa114ab14e2cd5d230202, type: 3}
  m_Name: 
  m_EditorClassIdentifier: 
  animate_param: isMo
  state: 0
  animator: {fileID: 0}
--- !u!1 &527781593961442664
GameObject:
  m_ObjectHideFlags: 0
  m_CorrespondingSourceObject: {fileID: 0}
  m_PrefabInstance: {fileID: 0}
  m_PrefabAsset: {fileID: 0}
  serializedVersion: 6
  m_Component:
  - component: {fileID: 1104714887095041887}
  - component: {fileID: 2907654846489861155}
  - component: {fileID: 4964140751670672434}
  - component: {fileID: 2195882140687292740}
  m_Layer: 0
  m_Name: Cube
  m_TagString: Untagged
  m_Icon: {fileID: 0}
  m_NavMeshLayer: 0
  m_StaticEditorFlags: 0
  m_IsActive: 1
--- !u!4 &1104714887095041887
Transform:
  m_ObjectHideFlags: 0
  m_CorrespondingSourceObject: {fileID: 0}
  m_PrefabInstance: {fileID: 0}
  m_PrefabAsset: {fileID: 0}
  m_GameObject: {fileID: 527781593961442664}
  m_LocalRotation: {x: 0, y: 0, z: 0, w: 1}
  m_LocalPosition: {x: -1.145, y: 0.5111, z: 0.8137}
  m_LocalScale: {x: 0.06922579, y: 1.0571802, z: 1.8179564}
  m_Children: []
  m_Father: {fileID: 1737376365523680284}
  m_RootOrder: 19
  m_LocalEulerAnglesHint: {x: 0, y: 0, z: 0}
--- !u!33 &2907654846489861155
MeshFilter:
  m_ObjectHideFlags: 0
  m_CorrespondingSourceObject: {fileID: 0}
  m_PrefabInstance: {fileID: 0}
  m_PrefabAsset: {fileID: 0}
  m_GameObject: {fileID: 527781593961442664}
  m_Mesh: {fileID: 10202, guid: 0000000000000000e000000000000000, type: 0}
--- !u!23 &4964140751670672434
MeshRenderer:
  m_ObjectHideFlags: 0
  m_CorrespondingSourceObject: {fileID: 0}
  m_PrefabInstance: {fileID: 0}
  m_PrefabAsset: {fileID: 0}
  m_GameObject: {fileID: 527781593961442664}
  m_Enabled: 1
  m_CastShadows: 1
  m_ReceiveShadows: 1
  m_DynamicOccludee: 1
  m_MotionVectors: 1
  m_LightProbeUsage: 1
  m_ReflectionProbeUsage: 1
  m_RayTracingMode: 2
  m_RayTraceProcedural: 0
  m_RenderingLayerMask: 1
  m_RendererPriority: 0
  m_Materials:
  - {fileID: 10303, guid: 0000000000000000f000000000000000, type: 0}
  m_StaticBatchInfo:
    firstSubMesh: 0
    subMeshCount: 0
  m_StaticBatchRoot: {fileID: 0}
  m_ProbeAnchor: {fileID: 0}
  m_LightProbeVolumeOverride: {fileID: 0}
  m_ScaleInLightmap: 1
  m_ReceiveGI: 1
  m_PreserveUVs: 0
  m_IgnoreNormalsForChartDetection: 0
  m_ImportantGI: 0
  m_StitchLightmapSeams: 1
  m_SelectedEditorRenderState: 3
  m_MinimumChartSize: 4
  m_AutoUVMaxDistance: 0.5
  m_AutoUVMaxAngle: 89
  m_LightmapParameters: {fileID: 0}
  m_SortingLayerID: 0
  m_SortingLayer: 0
  m_SortingOrder: 0
  m_AdditionalVertexStreams: {fileID: 0}
--- !u!65 &2195882140687292740
BoxCollider:
  m_ObjectHideFlags: 0
  m_CorrespondingSourceObject: {fileID: 0}
  m_PrefabInstance: {fileID: 0}
  m_PrefabAsset: {fileID: 0}
  m_GameObject: {fileID: 527781593961442664}
  m_Material: {fileID: 0}
  m_IsTrigger: 0
  m_Enabled: 1
  serializedVersion: 2
  m_Size: {x: 1, y: 1, z: 1}
  m_Center: {x: 0, y: 0, z: 0}
--- !u!1 &699719845416530463
GameObject:
  m_ObjectHideFlags: 0
  m_CorrespondingSourceObject: {fileID: 0}
  m_PrefabInstance: {fileID: 0}
  m_PrefabAsset: {fileID: 0}
  serializedVersion: 6
  m_Component:
  - component: {fileID: 8943096032513656295}
  - component: {fileID: 2631813919706107221}
  - component: {fileID: 8760403057564747586}
  - component: {fileID: 2004140226528226464}
  m_Layer: 0
  m_Name: San
  m_TagString: Untagged
  m_Icon: {fileID: 0}
  m_NavMeshLayer: 0
  m_StaticEditorFlags: 0
  m_IsActive: 1
--- !u!4 &8943096032513656295
Transform:
  m_ObjectHideFlags: 0
  m_CorrespondingSourceObject: {fileID: 0}
  m_PrefabInstance: {fileID: 0}
  m_PrefabAsset: {fileID: 0}
  m_GameObject: {fileID: 699719845416530463}
  m_LocalRotation: {x: 0, y: 0, z: 0, w: 1}
  m_LocalPosition: {x: 0.129, y: -0.04, z: 2.3364}
  m_LocalScale: {x: 3.9521499, y: 0.1026, z: 4.8330064}
  m_Children: []
  m_Father: {fileID: 1737376365523680284}
  m_RootOrder: 12
  m_LocalEulerAnglesHint: {x: 0, y: 0, z: 0}
--- !u!33 &2631813919706107221
MeshFilter:
  m_ObjectHideFlags: 0
  m_CorrespondingSourceObject: {fileID: 0}
  m_PrefabInstance: {fileID: 0}
  m_PrefabAsset: {fileID: 0}
  m_GameObject: {fileID: 699719845416530463}
  m_Mesh: {fileID: 10202, guid: 0000000000000000e000000000000000, type: 0}
--- !u!23 &8760403057564747586
MeshRenderer:
  m_ObjectHideFlags: 0
  m_CorrespondingSourceObject: {fileID: 0}
  m_PrefabInstance: {fileID: 0}
  m_PrefabAsset: {fileID: 0}
  m_GameObject: {fileID: 699719845416530463}
  m_Enabled: 1
  m_CastShadows: 1
  m_ReceiveShadows: 1
  m_DynamicOccludee: 1
  m_MotionVectors: 1
  m_LightProbeUsage: 1
  m_ReflectionProbeUsage: 1
  m_RayTracingMode: 2
  m_RayTraceProcedural: 0
  m_RenderingLayerMask: 1
  m_RendererPriority: 0
  m_Materials:
  - {fileID: 2100000, guid: cb677880fdeb224469b73e664d0ab8de, type: 2}
  m_StaticBatchInfo:
    firstSubMesh: 0
    subMeshCount: 0
  m_StaticBatchRoot: {fileID: 0}
  m_ProbeAnchor: {fileID: 0}
  m_LightProbeVolumeOverride: {fileID: 0}
  m_ScaleInLightmap: 1
  m_ReceiveGI: 1
  m_PreserveUVs: 0
  m_IgnoreNormalsForChartDetection: 0
  m_ImportantGI: 0
  m_StitchLightmapSeams: 1
  m_SelectedEditorRenderState: 3
  m_MinimumChartSize: 4
  m_AutoUVMaxDistance: 0.5
  m_AutoUVMaxAngle: 89
  m_LightmapParameters: {fileID: 0}
  m_SortingLayerID: 0
  m_SortingLayer: 0
  m_SortingOrder: 0
  m_AdditionalVertexStreams: {fileID: 0}
--- !u!65 &2004140226528226464
BoxCollider:
  m_ObjectHideFlags: 0
  m_CorrespondingSourceObject: {fileID: 0}
  m_PrefabInstance: {fileID: 0}
  m_PrefabAsset: {fileID: 0}
  m_GameObject: {fileID: 699719845416530463}
  m_Material: {fileID: 0}
  m_IsTrigger: 0
  m_Enabled: 1
  serializedVersion: 2
  m_Size: {x: 1, y: 1, z: 1}
  m_Center: {x: 0, y: 0, z: 0}
--- !u!1 &1737376365186464566
GameObject:
  m_ObjectHideFlags: 0
  m_CorrespondingSourceObject: {fileID: 0}
  m_PrefabInstance: {fileID: 0}
  m_PrefabAsset: {fileID: 0}
  serializedVersion: 6
  m_Component:
  - component: {fileID: 1737376365186464567}
  - component: {fileID: 1737376365186464562}
  - component: {fileID: 1737376365186464561}
  - component: {fileID: 1737376365186464560}
  m_Layer: 0
  m_Name: MaiChe
  m_TagString: Untagged
  m_Icon: {fileID: 0}
  m_NavMeshLayer: 0
  m_StaticEditorFlags: 2147483647
  m_IsActive: 1
--- !u!4 &1737376365186464567
Transform:
  m_ObjectHideFlags: 0
  m_CorrespondingSourceObject: {fileID: 0}
  m_PrefabInstance: {fileID: 0}
  m_PrefabAsset: {fileID: 0}
  m_GameObject: {fileID: 1737376365186464566}
  m_LocalRotation: {x: -0, y: -0, z: -0, w: 1}
  m_LocalPosition: {x: 0.1339, y: 3.44, z: 2.3341}
  m_LocalScale: {x: 3.899155, y: 0.1, z: 4.8188257}
  m_Children: []
  m_Father: {fileID: 1737376365523680284}
  m_RootOrder: 3
  m_LocalEulerAnglesHint: {x: 0, y: 0, z: 0}
--- !u!33 &1737376365186464562
MeshFilter:
  m_ObjectHideFlags: 0
  m_CorrespondingSourceObject: {fileID: 0}
  m_PrefabInstance: {fileID: 0}
  m_PrefabAsset: {fileID: 0}
  m_GameObject: {fileID: 1737376365186464566}
  m_Mesh: {fileID: 10202, guid: 0000000000000000e000000000000000, type: 0}
--- !u!23 &1737376365186464561
MeshRenderer:
  m_ObjectHideFlags: 0
  m_CorrespondingSourceObject: {fileID: 0}
  m_PrefabInstance: {fileID: 0}
  m_PrefabAsset: {fileID: 0}
  m_GameObject: {fileID: 1737376365186464566}
  m_Enabled: 1
  m_CastShadows: 1
  m_ReceiveShadows: 1
  m_DynamicOccludee: 1
  m_MotionVectors: 1
  m_LightProbeUsage: 1
  m_ReflectionProbeUsage: 1
  m_RayTracingMode: 2
  m_RayTraceProcedural: 0
  m_RenderingLayerMask: 1
  m_RendererPriority: 0
  m_Materials:
  - {fileID: 10303, guid: 0000000000000000f000000000000000, type: 0}
  m_StaticBatchInfo:
    firstSubMesh: 0
    subMeshCount: 0
  m_StaticBatchRoot: {fileID: 0}
  m_ProbeAnchor: {fileID: 0}
  m_LightProbeVolumeOverride: {fileID: 0}
  m_ScaleInLightmap: 1
  m_ReceiveGI: 1
  m_PreserveUVs: 0
  m_IgnoreNormalsForChartDetection: 0
  m_ImportantGI: 0
  m_StitchLightmapSeams: 1
  m_SelectedEditorRenderState: 3
  m_MinimumChartSize: 4
  m_AutoUVMaxDistance: 0.5
  m_AutoUVMaxAngle: 89
  m_LightmapParameters: {fileID: 0}
  m_SortingLayerID: 0
  m_SortingLayer: 0
  m_SortingOrder: 0
  m_AdditionalVertexStreams: {fileID: 0}
--- !u!65 &1737376365186464560
BoxCollider:
  m_ObjectHideFlags: 0
  m_CorrespondingSourceObject: {fileID: 0}
  m_PrefabInstance: {fileID: 0}
  m_PrefabAsset: {fileID: 0}
  m_GameObject: {fileID: 1737376365186464566}
  m_Material: {fileID: 0}
  m_IsTrigger: 0
  m_Enabled: 1
  serializedVersion: 2
  m_Size: {x: 1, y: 1, z: 1}
  m_Center: {x: 0, y: 0, z: 0}
--- !u!1 &1737376365523680259
GameObject:
  m_ObjectHideFlags: 0
  m_CorrespondingSourceObject: {fileID: 0}
  m_PrefabInstance: {fileID: 0}
  m_PrefabAsset: {fileID: 0}
  serializedVersion: 6
  m_Component:
  - component: {fileID: 1737376365523680284}
  m_Layer: 0
  m_Name: WC-MAN
  m_TagString: Untagged
  m_Icon: {fileID: 0}
  m_NavMeshLayer: 0
  m_StaticEditorFlags: 2147483647
  m_IsActive: 1
--- !u!4 &1737376365523680284
Transform:
  m_ObjectHideFlags: 0
  m_CorrespondingSourceObject: {fileID: 0}
  m_PrefabInstance: {fileID: 0}
  m_PrefabAsset: {fileID: 0}
  m_GameObject: {fileID: 1737376365523680259}
  m_LocalRotation: {x: 0, y: 0, z: 0, w: 1}
  m_LocalPosition: {x: -0.18501493, y: 0.7488817, z: -0.42}
  m_LocalScale: {x: 0.5, y: 0.4, z: 0.4}
  m_Children:
  - {fileID: 2276252833366003443}
  - {fileID: 2276252833730710087}
  - {fileID: 2276252833985504446}
  - {fileID: 1737376365186464567}
  - {fileID: 654777841103911436}
  - {fileID: 7581886731978044125}
  - {fileID: 8728455462656544446}
  - {fileID: 109585526539125444}
  - {fileID: 109585527228353342}
  - {fileID: 109585526545162002}
  - {fileID: 121403742834241126}
  - {fileID: 1104283764040379882}
  - {fileID: 8943096032513656295}
  - {fileID: 3240558607792403634}
  - {fileID: 6563307703164414310}
  - {fileID: 7873720827457089666}
  - {fileID: 3411572726902693075}
  - {fileID: 6319958868943169812}
  - {fileID: 1926206717}
  - {fileID: 1104714887095041887}
  m_Father: {fileID: 0}
  m_RootOrder: 0
  m_LocalEulerAnglesHint: {x: 0, y: 0, z: 0}
--- !u!1 &2887304073116944205
GameObject:
  m_ObjectHideFlags: 0
  m_CorrespondingSourceObject: {fileID: 0}
  m_PrefabInstance: {fileID: 0}
  m_PrefabAsset: {fileID: 0}
  serializedVersion: 6
  m_Component:
  - component: {fileID: 6319958868943169812}
  - component: {fileID: 8414456192649150569}
  - component: {fileID: 3112601097738929422}
  - component: {fileID: 4828147031856178468}
  m_Layer: 0
  m_Name: Cube (5)
  m_TagString: Untagged
  m_Icon: {fileID: 0}
  m_NavMeshLayer: 0
  m_StaticEditorFlags: 0
  m_IsActive: 1
--- !u!4 &6319958868943169812
Transform:
  m_ObjectHideFlags: 0
  m_CorrespondingSourceObject: {fileID: 0}
  m_PrefabInstance: {fileID: 0}
  m_PrefabAsset: {fileID: 0}
  m_GameObject: {fileID: 2887304073116944205}
  m_LocalRotation: {x: 0.5, y: 0.5, z: 0.5, w: 0.5}
  m_LocalPosition: {x: 1.436, y: 1.689, z: 1.243}
  m_LocalScale: {x: 3.5631182, y: 0.1026, z: 1.3101926}
  m_Children: []
  m_Father: {fileID: 1737376365523680284}
  m_RootOrder: 17
  m_LocalEulerAnglesHint: {x: 0, y: 90, z: 90}
--- !u!33 &8414456192649150569
MeshFilter:
  m_ObjectHideFlags: 0
  m_CorrespondingSourceObject: {fileID: 0}
  m_PrefabInstance: {fileID: 0}
  m_PrefabAsset: {fileID: 0}
  m_GameObject: {fileID: 2887304073116944205}
  m_Mesh: {fileID: 10202, guid: 0000000000000000e000000000000000, type: 0}
--- !u!23 &3112601097738929422
MeshRenderer:
  m_ObjectHideFlags: 0
  m_CorrespondingSourceObject: {fileID: 0}
  m_PrefabInstance: {fileID: 0}
  m_PrefabAsset: {fileID: 0}
  m_GameObject: {fileID: 2887304073116944205}
  m_Enabled: 1
  m_CastShadows: 1
  m_ReceiveShadows: 1
  m_DynamicOccludee: 1
  m_MotionVectors: 1
  m_LightProbeUsage: 1
  m_ReflectionProbeUsage: 1
  m_RayTracingMode: 2
  m_RayTraceProcedural: 0
  m_RenderingLayerMask: 1
  m_RendererPriority: 0
  m_Materials:
  - {fileID: 2100000, guid: 709447c6132fe494c81c6fc8c6d1bc01, type: 2}
  m_StaticBatchInfo:
    firstSubMesh: 0
    subMeshCount: 0
  m_StaticBatchRoot: {fileID: 0}
  m_ProbeAnchor: {fileID: 0}
  m_LightProbeVolumeOverride: {fileID: 0}
  m_ScaleInLightmap: 1
  m_ReceiveGI: 1
  m_PreserveUVs: 0
  m_IgnoreNormalsForChartDetection: 0
  m_ImportantGI: 0
  m_StitchLightmapSeams: 1
  m_SelectedEditorRenderState: 3
  m_MinimumChartSize: 4
  m_AutoUVMaxDistance: 0.5
  m_AutoUVMaxAngle: 89
  m_LightmapParameters: {fileID: 0}
  m_SortingLayerID: 0
  m_SortingLayer: 0
  m_SortingOrder: 0
  m_AdditionalVertexStreams: {fileID: 0}
--- !u!65 &4828147031856178468
BoxCollider:
  m_ObjectHideFlags: 0
  m_CorrespondingSourceObject: {fileID: 0}
  m_PrefabInstance: {fileID: 0}
  m_PrefabAsset: {fileID: 0}
  m_GameObject: {fileID: 2887304073116944205}
  m_Material: {fileID: 0}
  m_IsTrigger: 0
  m_Enabled: 1
  serializedVersion: 2
  m_Size: {x: 1, y: 1, z: 1}
  m_Center: {x: 0, y: 0, z: 0}
--- !u!1 &4036251007919430442
GameObject:
  m_ObjectHideFlags: 0
  m_CorrespondingSourceObject: {fileID: 0}
  m_PrefabInstance: {fileID: 0}
  m_PrefabAsset: {fileID: 0}
  serializedVersion: 6
  m_Component:
  - component: {fileID: 7873720827457089666}
  - component: {fileID: 1165717808894328783}
  - component: {fileID: 497061529445593645}
  - component: {fileID: 3313060443920566492}
  m_Layer: 0
  m_Name: Cube (3)
  m_TagString: Untagged
  m_Icon: {fileID: 0}
  m_NavMeshLayer: 0
  m_StaticEditorFlags: 0
  m_IsActive: 1
--- !u!4 &7873720827457089666
Transform:
  m_ObjectHideFlags: 0
  m_CorrespondingSourceObject: {fileID: 0}
  m_PrefabInstance: {fileID: 0}
  m_PrefabAsset: {fileID: 0}
  m_GameObject: {fileID: 4036251007919430442}
  m_LocalRotation: {x: 0.5, y: 0.5, z: 0.5, w: 0.5}
  m_LocalPosition: {x: -0.4769, y: 1.677, z: -0.133}
  m_LocalScale: {x: 3.5387943, y: 0.1026, z: 2.7018397}
  m_Children: []
  m_Father: {fileID: 1737376365523680284}
  m_RootOrder: 15
  m_LocalEulerAnglesHint: {x: 0, y: 90, z: 90}
--- !u!33 &1165717808894328783
MeshFilter:
  m_ObjectHideFlags: 0
  m_CorrespondingSourceObject: {fileID: 0}
  m_PrefabInstance: {fileID: 0}
  m_PrefabAsset: {fileID: 0}
  m_GameObject: {fileID: 4036251007919430442}
  m_Mesh: {fileID: 10202, guid: 0000000000000000e000000000000000, type: 0}
--- !u!23 &497061529445593645
MeshRenderer:
  m_ObjectHideFlags: 0
  m_CorrespondingSourceObject: {fileID: 0}
  m_PrefabInstance: {fileID: 0}
  m_PrefabAsset: {fileID: 0}
  m_GameObject: {fileID: 4036251007919430442}
  m_Enabled: 1
  m_CastShadows: 1
  m_ReceiveShadows: 1
  m_DynamicOccludee: 1
  m_MotionVectors: 1
  m_LightProbeUsage: 1
  m_ReflectionProbeUsage: 1
  m_RayTracingMode: 2
  m_RayTraceProcedural: 0
  m_RenderingLayerMask: 1
  m_RendererPriority: 0
  m_Materials:
  - {fileID: 2100000, guid: 709447c6132fe494c81c6fc8c6d1bc01, type: 2}
  m_StaticBatchInfo:
    firstSubMesh: 0
    subMeshCount: 0
  m_StaticBatchRoot: {fileID: 0}
  m_ProbeAnchor: {fileID: 0}
  m_LightProbeVolumeOverride: {fileID: 0}
  m_ScaleInLightmap: 1
  m_ReceiveGI: 1
  m_PreserveUVs: 0
  m_IgnoreNormalsForChartDetection: 0
  m_ImportantGI: 0
  m_StitchLightmapSeams: 1
  m_SelectedEditorRenderState: 3
  m_MinimumChartSize: 4
  m_AutoUVMaxDistance: 0.5
  m_AutoUVMaxAngle: 89
  m_LightmapParameters: {fileID: 0}
  m_SortingLayerID: 0
  m_SortingLayer: 0
  m_SortingOrder: 0
  m_AdditionalVertexStreams: {fileID: 0}
--- !u!65 &3313060443920566492
BoxCollider:
  m_ObjectHideFlags: 0
  m_CorrespondingSourceObject: {fileID: 0}
  m_PrefabInstance: {fileID: 0}
  m_PrefabAsset: {fileID: 0}
  m_GameObject: {fileID: 4036251007919430442}
  m_Material: {fileID: 0}
  m_IsTrigger: 0
  m_Enabled: 1
  serializedVersion: 2
  m_Size: {x: 1, y: 1, z: 1}
  m_Center: {x: 0, y: 0, z: 0}
--- !u!1 &4688368688834749602
GameObject:
  m_ObjectHideFlags: 0
  m_CorrespondingSourceObject: {fileID: 0}
  m_PrefabInstance: {fileID: 0}
  m_PrefabAsset: {fileID: 0}
  serializedVersion: 6
  m_Component:
  - component: {fileID: 3240558607792403634}
  - component: {fileID: 3561554655257049005}
  - component: {fileID: 2348970039432232459}
  - component: {fileID: 7793815667043688825}
  m_Layer: 0
  m_Name: Cube (1)
  m_TagString: Untagged
  m_Icon: {fileID: 0}
  m_NavMeshLayer: 0
  m_StaticEditorFlags: 0
  m_IsActive: 1
--- !u!4 &3240558607792403634
Transform:
  m_ObjectHideFlags: 0
  m_CorrespondingSourceObject: {fileID: 0}
  m_PrefabInstance: {fileID: 0}
  m_PrefabAsset: {fileID: 0}
  m_GameObject: {fileID: 4688368688834749602}
  m_LocalRotation: {x: 0.5, y: 0.5, z: 0.5, w: 0.5}
  m_LocalPosition: {x: 0.1319, y: 1.691, z: 4.78}
  m_LocalScale: {x: 3.5657501, y: 0.1026, z: 3.8204587}
  m_Children: []
  m_Father: {fileID: 1737376365523680284}
  m_RootOrder: 13
  m_LocalEulerAnglesHint: {x: 0, y: 90, z: 90}
--- !u!33 &3561554655257049005
MeshFilter:
  m_ObjectHideFlags: 0
  m_CorrespondingSourceObject: {fileID: 0}
  m_PrefabInstance: {fileID: 0}
  m_PrefabAsset: {fileID: 0}
  m_GameObject: {fileID: 4688368688834749602}
  m_Mesh: {fileID: 10202, guid: 0000000000000000e000000000000000, type: 0}
--- !u!23 &2348970039432232459
MeshRenderer:
  m_ObjectHideFlags: 0
  m_CorrespondingSourceObject: {fileID: 0}
  m_PrefabInstance: {fileID: 0}
  m_PrefabAsset: {fileID: 0}
  m_GameObject: {fileID: 4688368688834749602}
  m_Enabled: 1
  m_CastShadows: 1
  m_ReceiveShadows: 1
  m_DynamicOccludee: 1
  m_MotionVectors: 1
  m_LightProbeUsage: 1
  m_ReflectionProbeUsage: 1
  m_RayTracingMode: 2
  m_RayTraceProcedural: 0
  m_RenderingLayerMask: 1
  m_RendererPriority: 0
  m_Materials:
  - {fileID: 10303, guid: 0000000000000000f000000000000000, type: 0}
  m_StaticBatchInfo:
    firstSubMesh: 0
    subMeshCount: 0
  m_StaticBatchRoot: {fileID: 0}
  m_ProbeAnchor: {fileID: 0}
  m_LightProbeVolumeOverride: {fileID: 0}
  m_ScaleInLightmap: 1
  m_ReceiveGI: 1
  m_PreserveUVs: 0
  m_IgnoreNormalsForChartDetection: 0
  m_ImportantGI: 0
  m_StitchLightmapSeams: 1
  m_SelectedEditorRenderState: 3
  m_MinimumChartSize: 4
  m_AutoUVMaxDistance: 0.5
  m_AutoUVMaxAngle: 89
  m_LightmapParameters: {fileID: 0}
  m_SortingLayerID: 0
  m_SortingLayer: 0
  m_SortingOrder: 0
  m_AdditionalVertexStreams: {fileID: 0}
--- !u!65 &7793815667043688825
BoxCollider:
  m_ObjectHideFlags: 0
  m_CorrespondingSourceObject: {fileID: 0}
  m_PrefabInstance: {fileID: 0}
  m_PrefabAsset: {fileID: 0}
  m_GameObject: {fileID: 4688368688834749602}
  m_Material: {fileID: 0}
  m_IsTrigger: 0
  m_Enabled: 1
  serializedVersion: 2
  m_Size: {x: 1, y: 1, z: 1}
  m_Center: {x: 0, y: 0, z: 0}
--- !u!1 &9041321806506823492
GameObject:
  m_ObjectHideFlags: 0
  m_CorrespondingSourceObject: {fileID: 0}
  m_PrefabInstance: {fileID: 0}
  m_PrefabAsset: {fileID: 0}
  serializedVersion: 6
  m_Component:
  - component: {fileID: 6563307703164414310}
  - component: {fileID: 3651435190499874507}
  - component: {fileID: 6743400714450679285}
  - component: {fileID: 1481453888485773154}
  m_Layer: 0
  m_Name: Cube (2)
  m_TagString: Untagged
  m_Icon: {fileID: 0}
  m_NavMeshLayer: 0
  m_StaticEditorFlags: 0
  m_IsActive: 1
--- !u!4 &6563307703164414310
Transform:
  m_ObjectHideFlags: 0
  m_CorrespondingSourceObject: {fileID: 0}
  m_PrefabInstance: {fileID: 0}
  m_PrefabAsset: {fileID: 0}
  m_GameObject: {fileID: 9041321806506823492}
  m_LocalRotation: {x: 0, y: 0, z: 0.7071068, w: 0.7071068}
  m_LocalPosition: {x: -1.79, y: 1.686, z: 2.3377}
  m_LocalScale: {x: 3.5579648, y: 0.1026, z: 4.8305564}
  m_Children: []
  m_Father: {fileID: 1737376365523680284}
  m_RootOrder: 14
  m_LocalEulerAnglesHint: {x: 0, y: 0, z: 90}
--- !u!33 &3651435190499874507
MeshFilter:
  m_ObjectHideFlags: 0
  m_CorrespondingSourceObject: {fileID: 0}
  m_PrefabInstance: {fileID: 0}
  m_PrefabAsset: {fileID: 0}
  m_GameObject: {fileID: 9041321806506823492}
  m_Mesh: {fileID: 10202, guid: 0000000000000000e000000000000000, type: 0}
--- !u!23 &6743400714450679285
MeshRenderer:
  m_ObjectHideFlags: 0
  m_CorrespondingSourceObject: {fileID: 0}
  m_PrefabInstance: {fileID: 0}
  m_PrefabAsset: {fileID: 0}
  m_GameObject: {fileID: 9041321806506823492}
  m_Enabled: 1
  m_CastShadows: 1
  m_ReceiveShadows: 1
  m_DynamicOccludee: 1
  m_MotionVectors: 1
  m_LightProbeUsage: 1
  m_ReflectionProbeUsage: 1
  m_RayTracingMode: 2
  m_RayTraceProcedural: 0
  m_RenderingLayerMask: 1
  m_RendererPriority: 0
  m_Materials:
  - {fileID: 2100000, guid: 25473f844f9edf740bd4c1c4f48db9d9, type: 2}
  m_StaticBatchInfo:
    firstSubMesh: 0
    subMeshCount: 0
  m_StaticBatchRoot: {fileID: 0}
  m_ProbeAnchor: {fileID: 0}
  m_LightProbeVolumeOverride: {fileID: 0}
  m_ScaleInLightmap: 1
  m_ReceiveGI: 1
  m_PreserveUVs: 0
  m_IgnoreNormalsForChartDetection: 0
  m_ImportantGI: 0
  m_StitchLightmapSeams: 1
  m_SelectedEditorRenderState: 3
  m_MinimumChartSize: 4
  m_AutoUVMaxDistance: 0.5
  m_AutoUVMaxAngle: 89
  m_LightmapParameters: {fileID: 0}
  m_SortingLayerID: 0
  m_SortingLayer: 0
  m_SortingOrder: 0
  m_AdditionalVertexStreams: {fileID: 0}
--- !u!65 &1481453888485773154
BoxCollider:
  m_ObjectHideFlags: 0
  m_CorrespondingSourceObject: {fileID: 0}
  m_PrefabInstance: {fileID: 0}
  m_PrefabAsset: {fileID: 0}
  m_GameObject: {fileID: 9041321806506823492}
  m_Material: {fileID: 0}
  m_IsTrigger: 0
  m_Enabled: 1
  serializedVersion: 2
  m_Size: {x: 1, y: 1, z: 1}
  m_Center: {x: 0, y: 0, z: 0}
--- !u!1 &9091166010985555305
GameObject:
  m_ObjectHideFlags: 0
  m_CorrespondingSourceObject: {fileID: 0}
  m_PrefabInstance: {fileID: 0}
  m_PrefabAsset: {fileID: 0}
  serializedVersion: 6
  m_Component:
  - component: {fileID: 3411572726902693075}
  - component: {fileID: 5480484145389121230}
  - component: {fileID: 8546442456189570726}
  - component: {fileID: 4500070113519296179}
  m_Layer: 0
  m_Name: Cube (4)
  m_TagString: Untagged
  m_Icon: {fileID: 0}
  m_NavMeshLayer: 0
  m_StaticEditorFlags: 0
  m_IsActive: 1
--- !u!4 &3411572726902693075
Transform:
  m_ObjectHideFlags: 0
  m_CorrespondingSourceObject: {fileID: 0}
  m_PrefabInstance: {fileID: 0}
  m_PrefabAsset: {fileID: 0}
  m_GameObject: {fileID: 9091166010985555305}
  m_LocalRotation: {x: 0, y: 0, z: 0.7071068, w: 0.7071068}
  m_LocalPosition: {x: 2.04, y: 1.656, z: 3.0238}
  m_LocalScale: {x: 3.4958189, y: 0.1026, z: 3.4581954}
  m_Children: []
  m_Father: {fileID: 1737376365523680284}
  m_RootOrder: 16
  m_LocalEulerAnglesHint: {x: 0, y: 0, z: 90}
--- !u!33 &5480484145389121230
MeshFilter:
  m_ObjectHideFlags: 0
  m_CorrespondingSourceObject: {fileID: 0}
  m_PrefabInstance: {fileID: 0}
  m_PrefabAsset: {fileID: 0}
  m_GameObject: {fileID: 9091166010985555305}
  m_Mesh: {fileID: 10202, guid: 0000000000000000e000000000000000, type: 0}
--- !u!23 &8546442456189570726
MeshRenderer:
  m_ObjectHideFlags: 0
  m_CorrespondingSourceObject: {fileID: 0}
  m_PrefabInstance: {fileID: 0}
  m_PrefabAsset: {fileID: 0}
  m_GameObject: {fileID: 9091166010985555305}
  m_Enabled: 1
  m_CastShadows: 1
  m_ReceiveShadows: 1
  m_DynamicOccludee: 1
  m_MotionVectors: 1
  m_LightProbeUsage: 1
  m_ReflectionProbeUsage: 1
  m_RayTracingMode: 2
  m_RayTraceProcedural: 0
  m_RenderingLayerMask: 1
  m_RendererPriority: 0
  m_Materials:
  - {fileID: 2100000, guid: 25473f844f9edf740bd4c1c4f48db9d9, type: 2}
  m_StaticBatchInfo:
    firstSubMesh: 0
    subMeshCount: 0
  m_StaticBatchRoot: {fileID: 0}
  m_ProbeAnchor: {fileID: 0}
  m_LightProbeVolumeOverride: {fileID: 0}
  m_ScaleInLightmap: 1
  m_ReceiveGI: 1
  m_PreserveUVs: 0
  m_IgnoreNormalsForChartDetection: 0
  m_ImportantGI: 0
  m_StitchLightmapSeams: 1
  m_SelectedEditorRenderState: 3
  m_MinimumChartSize: 4
  m_AutoUVMaxDistance: 0.5
  m_AutoUVMaxAngle: 89
  m_LightmapParameters: {fileID: 0}
  m_SortingLayerID: 0
  m_SortingLayer: 0
  m_SortingOrder: 0
  m_AdditionalVertexStreams: {fileID: 0}
--- !u!65 &4500070113519296179
BoxCollider:
  m_ObjectHideFlags: 0
  m_CorrespondingSourceObject: {fileID: 0}
  m_PrefabInstance: {fileID: 0}
  m_PrefabAsset: {fileID: 0}
  m_GameObject: {fileID: 9091166010985555305}
  m_Material: {fileID: 0}
  m_IsTrigger: 0
  m_Enabled: 1
  serializedVersion: 2
  m_Size: {x: 1, y: 1, z: 1}
  m_Center: {x: 0, y: 0, z: 0}
--- !u!1001 &637696158070131201
PrefabInstance:
  m_ObjectHideFlags: 0
  serializedVersion: 2
  m_Modification:
    m_TransformParent: {fileID: 1737376365523680284}
    m_Modifications:
    - target: {fileID: -8679921383154817045, guid: 892e5168ee3b0f34297903cd8538b741, type: 3}
      propertyPath: m_RootOrder
      value: 11
      objectReference: {fileID: 0}
    - target: {fileID: -8679921383154817045, guid: 892e5168ee3b0f34297903cd8538b741, type: 3}
      propertyPath: m_LocalScale.x
      value: 1.03
      objectReference: {fileID: 0}
    - target: {fileID: -8679921383154817045, guid: 892e5168ee3b0f34297903cd8538b741, type: 3}
      propertyPath: m_LocalPosition.x
      value: -1.357
      objectReference: {fileID: 0}
    - target: {fileID: -8679921383154817045, guid: 892e5168ee3b0f34297903cd8538b741, type: 3}
      propertyPath: m_LocalPosition.y
      value: 0.444
      objectReference: {fileID: 0}
    - target: {fileID: -8679921383154817045, guid: 892e5168ee3b0f34297903cd8538b741, type: 3}
      propertyPath: m_LocalPosition.z
      value: 0.818
      objectReference: {fileID: 0}
    - target: {fileID: -8679921383154817045, guid: 892e5168ee3b0f34297903cd8538b741, type: 3}
      propertyPath: m_LocalRotation.w
      value: 0.7071068
      objectReference: {fileID: 0}
    - target: {fileID: -8679921383154817045, guid: 892e5168ee3b0f34297903cd8538b741, type: 3}
      propertyPath: m_LocalRotation.x
      value: -0
      objectReference: {fileID: 0}
    - target: {fileID: -8679921383154817045, guid: 892e5168ee3b0f34297903cd8538b741, type: 3}
      propertyPath: m_LocalRotation.y
      value: 0.7071068
      objectReference: {fileID: 0}
    - target: {fileID: -8679921383154817045, guid: 892e5168ee3b0f34297903cd8538b741, type: 3}
      propertyPath: m_LocalRotation.z
      value: -0
      objectReference: {fileID: 0}
    - target: {fileID: -8679921383154817045, guid: 892e5168ee3b0f34297903cd8538b741, type: 3}
      propertyPath: m_LocalEulerAnglesHint.x
      value: 0
      objectReference: {fileID: 0}
    - target: {fileID: -8679921383154817045, guid: 892e5168ee3b0f34297903cd8538b741, type: 3}
      propertyPath: m_LocalEulerAnglesHint.y
      value: 90
      objectReference: {fileID: 0}
    - target: {fileID: -8679921383154817045, guid: 892e5168ee3b0f34297903cd8538b741, type: 3}
      propertyPath: m_LocalEulerAnglesHint.z
      value: 0
      objectReference: {fileID: 0}
    - target: {fileID: -4518957829288916665, guid: 892e5168ee3b0f34297903cd8538b741, type: 3}
      propertyPath: m_Materials.Array.data[0]
      value: 
      objectReference: {fileID: -5233310958881842225, guid: 892e5168ee3b0f34297903cd8538b741, type: 3}
    - target: {fileID: 919132149155446097, guid: 892e5168ee3b0f34297903cd8538b741, type: 3}
      propertyPath: m_Name
      value: PhanTrenChauRua
      objectReference: {fileID: 0}
    - target: {fileID: 2227672506297144979, guid: 892e5168ee3b0f34297903cd8538b741, type: 3}
      propertyPath: m_Materials.Array.data[0]
      value: 
      objectReference: {fileID: 7162282750875512060, guid: 892e5168ee3b0f34297903cd8538b741, type: 3}
    m_RemovedComponents: []
  m_SourcePrefab: {fileID: 100100000, guid: 892e5168ee3b0f34297903cd8538b741, type: 3}
--- !u!4 &1104283764040379882 stripped
Transform:
  m_CorrespondingSourceObject: {fileID: -8679921383154817045, guid: 892e5168ee3b0f34297903cd8538b741, type: 3}
  m_PrefabInstance: {fileID: 637696158070131201}
  m_PrefabAsset: {fileID: 0}
--- !u!1001 &1052863229098122727
PrefabInstance:
  m_ObjectHideFlags: 0
  serializedVersion: 2
  m_Modification:
    m_TransformParent: {fileID: 1737376365523680284}
    m_Modifications:
    - target: {fileID: -8679921383154817045, guid: 8940f55759a3f3446b0fa35118b24fd7, type: 3}
      propertyPath: m_RootOrder
      value: 4
      objectReference: {fileID: 0}
    - target: {fileID: -8679921383154817045, guid: 8940f55759a3f3446b0fa35118b24fd7, type: 3}
      propertyPath: m_LocalScale.x
      value: 1.2
      objectReference: {fileID: 0}
    - target: {fileID: -8679921383154817045, guid: 8940f55759a3f3446b0fa35118b24fd7, type: 3}
      propertyPath: m_LocalScale.y
      value: 1.5
      objectReference: {fileID: 0}
    - target: {fileID: -8679921383154817045, guid: 8940f55759a3f3446b0fa35118b24fd7, type: 3}
      propertyPath: m_LocalScale.z
      value: 0.9
      objectReference: {fileID: 0}
    - target: {fileID: -8679921383154817045, guid: 8940f55759a3f3446b0fa35118b24fd7, type: 3}
      propertyPath: m_LocalPosition.x
      value: -1.074
      objectReference: {fileID: 0}
    - target: {fileID: -8679921383154817045, guid: 8940f55759a3f3446b0fa35118b24fd7, type: 3}
      propertyPath: m_LocalPosition.y
      value: 0.00000001959709
      objectReference: {fileID: 0}
    - target: {fileID: -8679921383154817045, guid: 8940f55759a3f3446b0fa35118b24fd7, type: 3}
      propertyPath: m_LocalPosition.z
      value: 3.231
      objectReference: {fileID: 0}
    - target: {fileID: -8679921383154817045, guid: 8940f55759a3f3446b0fa35118b24fd7, type: 3}
      propertyPath: m_LocalRotation.w
      value: 0.7071068
      objectReference: {fileID: 0}
    - target: {fileID: -8679921383154817045, guid: 8940f55759a3f3446b0fa35118b24fd7, type: 3}
      propertyPath: m_LocalRotation.x
      value: 0
      objectReference: {fileID: 0}
    - target: {fileID: -8679921383154817045, guid: 8940f55759a3f3446b0fa35118b24fd7, type: 3}
      propertyPath: m_LocalRotation.y
      value: -0.7071068
      objectReference: {fileID: 0}
    - target: {fileID: -8679921383154817045, guid: 8940f55759a3f3446b0fa35118b24fd7, type: 3}
      propertyPath: m_LocalRotation.z
      value: 0
      objectReference: {fileID: 0}
    - target: {fileID: -8679921383154817045, guid: 8940f55759a3f3446b0fa35118b24fd7, type: 3}
      propertyPath: m_LocalEulerAnglesHint.x
      value: 0
      objectReference: {fileID: 0}
    - target: {fileID: -8679921383154817045, guid: 8940f55759a3f3446b0fa35118b24fd7, type: 3}
      propertyPath: m_LocalEulerAnglesHint.y
      value: -90
      objectReference: {fileID: 0}
    - target: {fileID: -8679921383154817045, guid: 8940f55759a3f3446b0fa35118b24fd7, type: 3}
      propertyPath: m_LocalEulerAnglesHint.z
      value: 0
      objectReference: {fileID: 0}
    - target: {fileID: -8462709953001013040, guid: 8940f55759a3f3446b0fa35118b24fd7, type: 3}
      propertyPath: m_StaticEditorFlags
      value: 2147483647
      objectReference: {fileID: 0}
    - target: {fileID: -8084033944509488881, guid: 8940f55759a3f3446b0fa35118b24fd7, type: 3}
      propertyPath: m_StaticEditorFlags
      value: 2147483647
      objectReference: {fileID: 0}
    - target: {fileID: -7862391691550088030, guid: 8940f55759a3f3446b0fa35118b24fd7, type: 3}
      propertyPath: m_StaticEditorFlags
      value: 2147483647
      objectReference: {fileID: 0}
    - target: {fileID: -7639331209684527813, guid: 8940f55759a3f3446b0fa35118b24fd7, type: 3}
      propertyPath: m_StaticEditorFlags
      value: 2147483647
      objectReference: {fileID: 0}
    - target: {fileID: -5921505478000457673, guid: 8940f55759a3f3446b0fa35118b24fd7, type: 3}
      propertyPath: m_StaticEditorFlags
      value: 2147483647
      objectReference: {fileID: 0}
    - target: {fileID: -5780950928546885950, guid: 8940f55759a3f3446b0fa35118b24fd7, type: 3}
      propertyPath: m_StaticEditorFlags
      value: 2147483647
      objectReference: {fileID: 0}
    - target: {fileID: -5525249646320217000, guid: 8940f55759a3f3446b0fa35118b24fd7, type: 3}
      propertyPath: m_StaticEditorFlags
      value: 2147483647
      objectReference: {fileID: 0}
    - target: {fileID: -5494517347539682338, guid: 8940f55759a3f3446b0fa35118b24fd7, type: 3}
      propertyPath: m_StaticEditorFlags
      value: 2147483647
      objectReference: {fileID: 0}
    - target: {fileID: -5457669278126058004, guid: 8940f55759a3f3446b0fa35118b24fd7, type: 3}
      propertyPath: m_StaticEditorFlags
      value: 2147483647
      objectReference: {fileID: 0}
    - target: {fileID: -5090531447627580993, guid: 8940f55759a3f3446b0fa35118b24fd7, type: 3}
      propertyPath: m_StaticEditorFlags
      value: 2147483647
      objectReference: {fileID: 0}
    - target: {fileID: -4658881790374725516, guid: 8940f55759a3f3446b0fa35118b24fd7, type: 3}
      propertyPath: m_StaticEditorFlags
      value: 2147483647
      objectReference: {fileID: 0}
    - target: {fileID: -3566161465161724425, guid: 8940f55759a3f3446b0fa35118b24fd7, type: 3}
      propertyPath: m_StaticEditorFlags
      value: 2147483647
      objectReference: {fileID: 0}
    - target: {fileID: -3068240195741245191, guid: 8940f55759a3f3446b0fa35118b24fd7, type: 3}
      propertyPath: m_StaticEditorFlags
      value: 2147483647
      objectReference: {fileID: 0}
    - target: {fileID: -1916899210259106318, guid: 8940f55759a3f3446b0fa35118b24fd7, type: 3}
      propertyPath: m_StaticEditorFlags
      value: 2147483647
      objectReference: {fileID: 0}
    - target: {fileID: -1450400270514423276, guid: 8940f55759a3f3446b0fa35118b24fd7, type: 3}
      propertyPath: m_StaticEditorFlags
      value: 2147483647
      objectReference: {fileID: 0}
    - target: {fileID: -1138941984392502341, guid: 8940f55759a3f3446b0fa35118b24fd7, type: 3}
      propertyPath: m_StaticEditorFlags
      value: 2147483647
      objectReference: {fileID: 0}
    - target: {fileID: 52361805505633545, guid: 8940f55759a3f3446b0fa35118b24fd7, type: 3}
      propertyPath: m_StaticEditorFlags
      value: 2147483647
      objectReference: {fileID: 0}
    - target: {fileID: 601941165156881537, guid: 8940f55759a3f3446b0fa35118b24fd7, type: 3}
      propertyPath: m_StaticEditorFlags
      value: 2147483647
      objectReference: {fileID: 0}
    - target: {fileID: 919132149155446097, guid: 8940f55759a3f3446b0fa35118b24fd7, type: 3}
      propertyPath: m_Name
      value: NhaVeSinh (1)
      objectReference: {fileID: 0}
    - target: {fileID: 919132149155446097, guid: 8940f55759a3f3446b0fa35118b24fd7, type: 3}
      propertyPath: m_StaticEditorFlags
      value: 2147483647
      objectReference: {fileID: 0}
    - target: {fileID: 994085286933097443, guid: 8940f55759a3f3446b0fa35118b24fd7, type: 3}
      propertyPath: m_StaticEditorFlags
      value: 2147483647
      objectReference: {fileID: 0}
    - target: {fileID: 6152013724912818185, guid: 8940f55759a3f3446b0fa35118b24fd7, type: 3}
      propertyPath: m_StaticEditorFlags
      value: 2147483647
      objectReference: {fileID: 0}
    - target: {fileID: 6771772229779705346, guid: 8940f55759a3f3446b0fa35118b24fd7, type: 3}
      propertyPath: m_StaticEditorFlags
      value: 2147483647
      objectReference: {fileID: 0}
    - target: {fileID: 7487518098670330387, guid: 8940f55759a3f3446b0fa35118b24fd7, type: 3}
      propertyPath: m_StaticEditorFlags
      value: 2147483647
      objectReference: {fileID: 0}
    - target: {fileID: 7672424614771305636, guid: 8940f55759a3f3446b0fa35118b24fd7, type: 3}
      propertyPath: m_StaticEditorFlags
      value: 2147483647
      objectReference: {fileID: 0}
    - target: {fileID: 7742780737561719692, guid: 8940f55759a3f3446b0fa35118b24fd7, type: 3}
      propertyPath: m_StaticEditorFlags
      value: 2147483647
      objectReference: {fileID: 0}
    - target: {fileID: 8164078558771037576, guid: 8940f55759a3f3446b0fa35118b24fd7, type: 3}
      propertyPath: m_StaticEditorFlags
      value: 2147483647
      objectReference: {fileID: 0}
    - target: {fileID: 8344109066494739902, guid: 8940f55759a3f3446b0fa35118b24fd7, type: 3}
      propertyPath: m_StaticEditorFlags
      value: 2147483647
      objectReference: {fileID: 0}
    - target: {fileID: 8365168192904467795, guid: 8940f55759a3f3446b0fa35118b24fd7, type: 3}
      propertyPath: m_StaticEditorFlags
      value: 2147483647
      objectReference: {fileID: 0}
    m_RemovedComponents: []
  m_SourcePrefab: {fileID: 100100000, guid: 8940f55759a3f3446b0fa35118b24fd7, type: 3}
--- !u!4 &654777841103911436 stripped
Transform:
  m_CorrespondingSourceObject: {fileID: -8679921383154817045, guid: 8940f55759a3f3446b0fa35118b24fd7, type: 3}
  m_PrefabInstance: {fileID: 1052863229098122727}
  m_PrefabAsset: {fileID: 0}
--- !u!1001 &1737376363743265621
PrefabInstance:
  m_ObjectHideFlags: 0
  serializedVersion: 2
  m_Modification:
    m_TransformParent: {fileID: 1737376365523680284}
    m_Modifications:
    - target: {fileID: -8679921383154817045, guid: 30b3b379838473b45a8fea2b58901856, type: 3}
      propertyPath: m_RootOrder
      value: 2
      objectReference: {fileID: 0}
    - target: {fileID: -8679921383154817045, guid: 30b3b379838473b45a8fea2b58901856, type: 3}
      propertyPath: m_LocalScale.x
      value: 0.022
      objectReference: {fileID: 0}
    - target: {fileID: -8679921383154817045, guid: 30b3b379838473b45a8fea2b58901856, type: 3}
      propertyPath: m_LocalScale.y
      value: 0.03
      objectReference: {fileID: 0}
    - target: {fileID: -8679921383154817045, guid: 30b3b379838473b45a8fea2b58901856, type: 3}
      propertyPath: m_LocalScale.z
      value: 0.035
      objectReference: {fileID: 0}
    - target: {fileID: -8679921383154817045, guid: 30b3b379838473b45a8fea2b58901856, type: 3}
      propertyPath: m_LocalPosition.x
      value: -1.187
      objectReference: {fileID: 0}
    - target: {fileID: -8679921383154817045, guid: 30b3b379838473b45a8fea2b58901856, type: 3}
      propertyPath: m_LocalPosition.y
      value: 0.461
      objectReference: {fileID: 0}
    - target: {fileID: -8679921383154817045, guid: 30b3b379838473b45a8fea2b58901856, type: 3}
      propertyPath: m_LocalPosition.z
      value: 3.338
      objectReference: {fileID: 0}
    - target: {fileID: -8679921383154817045, guid: 30b3b379838473b45a8fea2b58901856, type: 3}
      propertyPath: m_LocalRotation.w
      value: 0.5
      objectReference: {fileID: 0}
    - target: {fileID: -8679921383154817045, guid: 30b3b379838473b45a8fea2b58901856, type: 3}
      propertyPath: m_LocalRotation.x
      value: -0.5
      objectReference: {fileID: 0}
    - target: {fileID: -8679921383154817045, guid: 30b3b379838473b45a8fea2b58901856, type: 3}
      propertyPath: m_LocalRotation.y
      value: 0.5
      objectReference: {fileID: 0}
    - target: {fileID: -8679921383154817045, guid: 30b3b379838473b45a8fea2b58901856, type: 3}
      propertyPath: m_LocalRotation.z
      value: 0.5
      objectReference: {fileID: 0}
    - target: {fileID: -8679921383154817045, guid: 30b3b379838473b45a8fea2b58901856, type: 3}
      propertyPath: m_LocalEulerAnglesHint.x
      value: -90
      objectReference: {fileID: 0}
    - target: {fileID: -8679921383154817045, guid: 30b3b379838473b45a8fea2b58901856, type: 3}
      propertyPath: m_LocalEulerAnglesHint.y
      value: 0
      objectReference: {fileID: 0}
    - target: {fileID: -8679921383154817045, guid: 30b3b379838473b45a8fea2b58901856, type: 3}
      propertyPath: m_LocalEulerAnglesHint.z
      value: 90
      objectReference: {fileID: 0}
    - target: {fileID: -511310931620521848, guid: 30b3b379838473b45a8fea2b58901856, type: 3}
      propertyPath: m_LocalPosition.x
      value: -1.9
      objectReference: {fileID: 0}
    - target: {fileID: -511310931620521848, guid: 30b3b379838473b45a8fea2b58901856, type: 3}
      propertyPath: m_LocalPosition.y
      value: 2.6
      objectReference: {fileID: 0}
    - target: {fileID: -511310931620521848, guid: 30b3b379838473b45a8fea2b58901856, type: 3}
      propertyPath: m_LocalPosition.z
      value: 6.56
      objectReference: {fileID: 0}
    - target: {fileID: 919132149155446097, guid: 30b3b379838473b45a8fea2b58901856, type: 3}
      propertyPath: m_Name
      value: 10778_Toilet_V2 (1)
      objectReference: {fileID: 0}
    - target: {fileID: 919132149155446097, guid: 30b3b379838473b45a8fea2b58901856, type: 3}
      propertyPath: m_StaticEditorFlags
      value: 2147483647
      objectReference: {fileID: 0}
    - target: {fileID: 7742780737561719692, guid: 30b3b379838473b45a8fea2b58901856, type: 3}
      propertyPath: m_StaticEditorFlags
      value: 2147483647
      objectReference: {fileID: 0}
    m_RemovedComponents: []
  m_SourcePrefab: {fileID: 100100000, guid: 30b3b379838473b45a8fea2b58901856, type: 3}
--- !u!4 &2276252833985504446 stripped
Transform:
  m_CorrespondingSourceObject: {fileID: -8679921383154817045, guid: 30b3b379838473b45a8fea2b58901856, type: 3}
  m_PrefabInstance: {fileID: 1737376363743265621}
  m_PrefabAsset: {fileID: 0}
--- !u!1001 &1737376364040007084
PrefabInstance:
  m_ObjectHideFlags: 0
  serializedVersion: 2
  m_Modification:
    m_TransformParent: {fileID: 1737376365523680284}
    m_Modifications:
    - target: {fileID: -8679921383154817045, guid: 30b3b379838473b45a8fea2b58901856, type: 3}
      propertyPath: m_RootOrder
      value: 1
      objectReference: {fileID: 0}
    - target: {fileID: -8679921383154817045, guid: 30b3b379838473b45a8fea2b58901856, type: 3}
      propertyPath: m_LocalScale.x
      value: 0.022
      objectReference: {fileID: 0}
    - target: {fileID: -8679921383154817045, guid: 30b3b379838473b45a8fea2b58901856, type: 3}
      propertyPath: m_LocalScale.y
      value: 0.03
      objectReference: {fileID: 0}
    - target: {fileID: -8679921383154817045, guid: 30b3b379838473b45a8fea2b58901856, type: 3}
      propertyPath: m_LocalScale.z
      value: 0.035
      objectReference: {fileID: 0}
    - target: {fileID: -8679921383154817045, guid: 30b3b379838473b45a8fea2b58901856, type: 3}
      propertyPath: m_LocalPosition.x
      value: -1.269
      objectReference: {fileID: 0}
    - target: {fileID: -8679921383154817045, guid: 30b3b379838473b45a8fea2b58901856, type: 3}
      propertyPath: m_LocalPosition.y
      value: 0.457
      objectReference: {fileID: 0}
    - target: {fileID: -8679921383154817045, guid: 30b3b379838473b45a8fea2b58901856, type: 3}
      propertyPath: m_LocalPosition.z
      value: 2.346
      objectReference: {fileID: 0}
    - target: {fileID: -8679921383154817045, guid: 30b3b379838473b45a8fea2b58901856, type: 3}
      propertyPath: m_LocalRotation.w
      value: 0.5
      objectReference: {fileID: 0}
    - target: {fileID: -8679921383154817045, guid: 30b3b379838473b45a8fea2b58901856, type: 3}
      propertyPath: m_LocalRotation.x
      value: -0.5
      objectReference: {fileID: 0}
    - target: {fileID: -8679921383154817045, guid: 30b3b379838473b45a8fea2b58901856, type: 3}
      propertyPath: m_LocalRotation.y
      value: 0.5
      objectReference: {fileID: 0}
    - target: {fileID: -8679921383154817045, guid: 30b3b379838473b45a8fea2b58901856, type: 3}
      propertyPath: m_LocalRotation.z
      value: 0.5
      objectReference: {fileID: 0}
    - target: {fileID: -8679921383154817045, guid: 30b3b379838473b45a8fea2b58901856, type: 3}
      propertyPath: m_LocalEulerAnglesHint.x
      value: -90
      objectReference: {fileID: 0}
    - target: {fileID: -8679921383154817045, guid: 30b3b379838473b45a8fea2b58901856, type: 3}
      propertyPath: m_LocalEulerAnglesHint.y
      value: 0
      objectReference: {fileID: 0}
    - target: {fileID: -8679921383154817045, guid: 30b3b379838473b45a8fea2b58901856, type: 3}
      propertyPath: m_LocalEulerAnglesHint.z
      value: 90
      objectReference: {fileID: 0}
    - target: {fileID: -511310931620521848, guid: 30b3b379838473b45a8fea2b58901856, type: 3}
      propertyPath: m_LocalPosition.z
      value: 7.06
      objectReference: {fileID: 0}
    - target: {fileID: 919132149155446097, guid: 30b3b379838473b45a8fea2b58901856, type: 3}
      propertyPath: m_Name
      value: 10778_Toilet_V2
      objectReference: {fileID: 0}
    - target: {fileID: 919132149155446097, guid: 30b3b379838473b45a8fea2b58901856, type: 3}
      propertyPath: m_StaticEditorFlags
      value: 2147483647
      objectReference: {fileID: 0}
    - target: {fileID: 7742780737561719692, guid: 30b3b379838473b45a8fea2b58901856, type: 3}
      propertyPath: m_StaticEditorFlags
      value: 2147483647
      objectReference: {fileID: 0}
    m_RemovedComponents: []
  m_SourcePrefab: {fileID: 100100000, guid: 30b3b379838473b45a8fea2b58901856, type: 3}
--- !u!4 &2276252833730710087 stripped
Transform:
  m_CorrespondingSourceObject: {fileID: -8679921383154817045, guid: 30b3b379838473b45a8fea2b58901856, type: 3}
  m_PrefabInstance: {fileID: 1737376364040007084}
  m_PrefabAsset: {fileID: 0}
--- !u!1001 &1737376364404451608
PrefabInstance:
  m_ObjectHideFlags: 0
  serializedVersion: 2
  m_Modification:
    m_TransformParent: {fileID: 1737376365523680284}
    m_Modifications:
    - target: {fileID: -8679921383154817045, guid: 30b3b379838473b45a8fea2b58901856, type: 3}
      propertyPath: m_RootOrder
      value: 0
      objectReference: {fileID: 0}
    - target: {fileID: -8679921383154817045, guid: 30b3b379838473b45a8fea2b58901856, type: 3}
      propertyPath: m_LocalScale.x
      value: 0.022
      objectReference: {fileID: 0}
    - target: {fileID: -8679921383154817045, guid: 30b3b379838473b45a8fea2b58901856, type: 3}
      propertyPath: m_LocalScale.y
      value: 0.03
      objectReference: {fileID: 0}
    - target: {fileID: -8679921383154817045, guid: 30b3b379838473b45a8fea2b58901856, type: 3}
      propertyPath: m_LocalScale.z
      value: 0.035
      objectReference: {fileID: 0}
    - target: {fileID: -8679921383154817045, guid: 30b3b379838473b45a8fea2b58901856, type: 3}
      propertyPath: m_LocalPosition.x
      value: -1.273
      objectReference: {fileID: 0}
    - target: {fileID: -8679921383154817045, guid: 30b3b379838473b45a8fea2b58901856, type: 3}
      propertyPath: m_LocalPosition.y
      value: 0.714
      objectReference: {fileID: 0}
    - target: {fileID: -8679921383154817045, guid: 30b3b379838473b45a8fea2b58901856, type: 3}
      propertyPath: m_LocalPosition.z
      value: 4.35
      objectReference: {fileID: 0}
    - target: {fileID: -8679921383154817045, guid: 30b3b379838473b45a8fea2b58901856, type: 3}
      propertyPath: m_LocalRotation.w
      value: 0.5
      objectReference: {fileID: 0}
    - target: {fileID: -8679921383154817045, guid: 30b3b379838473b45a8fea2b58901856, type: 3}
      propertyPath: m_LocalRotation.x
      value: -0.5
      objectReference: {fileID: 0}
    - target: {fileID: -8679921383154817045, guid: 30b3b379838473b45a8fea2b58901856, type: 3}
      propertyPath: m_LocalRotation.y
      value: 0.5
      objectReference: {fileID: 0}
    - target: {fileID: -8679921383154817045, guid: 30b3b379838473b45a8fea2b58901856, type: 3}
      propertyPath: m_LocalRotation.z
      value: 0.5
      objectReference: {fileID: 0}
    - target: {fileID: -8679921383154817045, guid: 30b3b379838473b45a8fea2b58901856, type: 3}
      propertyPath: m_LocalEulerAnglesHint.x
      value: -90
      objectReference: {fileID: 0}
    - target: {fileID: -8679921383154817045, guid: 30b3b379838473b45a8fea2b58901856, type: 3}
      propertyPath: m_LocalEulerAnglesHint.y
      value: 0
      objectReference: {fileID: 0}
    - target: {fileID: -8679921383154817045, guid: 30b3b379838473b45a8fea2b58901856, type: 3}
      propertyPath: m_LocalEulerAnglesHint.z
      value: 90
      objectReference: {fileID: 0}
    - target: {fileID: -511310931620521848, guid: 30b3b379838473b45a8fea2b58901856, type: 3}
      propertyPath: m_LocalPosition.x
      value: -1.2
      objectReference: {fileID: 0}
    - target: {fileID: 919132149155446097, guid: 30b3b379838473b45a8fea2b58901856, type: 3}
      propertyPath: m_Name
      value: 10778_Toilet_V2 (2)
      objectReference: {fileID: 0}
    - target: {fileID: 919132149155446097, guid: 30b3b379838473b45a8fea2b58901856, type: 3}
      propertyPath: m_StaticEditorFlags
      value: 2147483647
      objectReference: {fileID: 0}
    - target: {fileID: 7742780737561719692, guid: 30b3b379838473b45a8fea2b58901856, type: 3}
      propertyPath: m_StaticEditorFlags
      value: 2147483647
      objectReference: {fileID: 0}
    m_RemovedComponents: []
  m_SourcePrefab: {fileID: 100100000, guid: 30b3b379838473b45a8fea2b58901856, type: 3}
--- !u!4 &2276252833366003443 stripped
Transform:
  m_CorrespondingSourceObject: {fileID: -8679921383154817045, guid: 30b3b379838473b45a8fea2b58901856, type: 3}
  m_PrefabInstance: {fileID: 1737376364404451608}
  m_PrefabAsset: {fileID: 0}
--- !u!1001 &1737376364517661875
PrefabInstance:
  m_ObjectHideFlags: 0
  serializedVersion: 2
  m_Modification:
    m_TransformParent: {fileID: 1737376365523680284}
    m_Modifications:
    - target: {fileID: 1356398505386558669, guid: c83920da2623ae744b7019a4b775720b, type: 3}
      propertyPath: m_Name
      value: Urial (1)
      objectReference: {fileID: 0}
    - target: {fileID: 1356398505386558669, guid: c83920da2623ae744b7019a4b775720b, type: 3}
      propertyPath: m_StaticEditorFlags
      value: 2147483647
      objectReference: {fileID: 0}
    - target: {fileID: 1844564816922910327, guid: c83920da2623ae744b7019a4b775720b, type: 3}
      propertyPath: m_RootOrder
      value: 7
      objectReference: {fileID: 0}
    - target: {fileID: 1844564816922910327, guid: c83920da2623ae744b7019a4b775720b, type: 3}
      propertyPath: m_LocalScale.x
      value: 0.100000024
      objectReference: {fileID: 0}
    - target: {fileID: 1844564816922910327, guid: c83920da2623ae744b7019a4b775720b, type: 3}
      propertyPath: m_LocalScale.y
      value: 0.10000003
      objectReference: {fileID: 0}
    - target: {fileID: 1844564816922910327, guid: c83920da2623ae744b7019a4b775720b, type: 3}
      propertyPath: m_LocalScale.z
      value: 0.10000003
      objectReference: {fileID: 0}
    - target: {fileID: 1844564816922910327, guid: c83920da2623ae744b7019a4b775720b, type: 3}
      propertyPath: m_LocalPosition.x
      value: 1.027
      objectReference: {fileID: 0}
    - target: {fileID: 1844564816922910327, guid: c83920da2623ae744b7019a4b775720b, type: 3}
      propertyPath: m_LocalPosition.y
      value: 0.525
      objectReference: {fileID: 0}
    - target: {fileID: 1844564816922910327, guid: c83920da2623ae744b7019a4b775720b, type: 3}
      propertyPath: m_LocalPosition.z
      value: 2.099
      objectReference: {fileID: 0}
    - target: {fileID: 1844564816922910327, guid: c83920da2623ae744b7019a4b775720b, type: 3}
      propertyPath: m_LocalRotation.w
      value: 0.5
      objectReference: {fileID: 0}
    - target: {fileID: 1844564816922910327, guid: c83920da2623ae744b7019a4b775720b, type: 3}
      propertyPath: m_LocalRotation.x
      value: 0.5
      objectReference: {fileID: 0}
    - target: {fileID: 1844564816922910327, guid: c83920da2623ae744b7019a4b775720b, type: 3}
      propertyPath: m_LocalRotation.y
      value: 0.5
      objectReference: {fileID: 0}
    - target: {fileID: 1844564816922910327, guid: c83920da2623ae744b7019a4b775720b, type: 3}
      propertyPath: m_LocalRotation.z
      value: -0.5
      objectReference: {fileID: 0}
    - target: {fileID: 1844564816922910327, guid: c83920da2623ae744b7019a4b775720b, type: 3}
      propertyPath: m_LocalEulerAnglesHint.x
      value: 90
      objectReference: {fileID: 0}
    - target: {fileID: 1844564816922910327, guid: c83920da2623ae744b7019a4b775720b, type: 3}
      propertyPath: m_LocalEulerAnglesHint.y
      value: 90
      objectReference: {fileID: 0}
    - target: {fileID: 1844564816922910327, guid: c83920da2623ae744b7019a4b775720b, type: 3}
      propertyPath: m_LocalEulerAnglesHint.z
      value: 0
      objectReference: {fileID: 0}
    - target: {fileID: 8485799945868996621, guid: c83920da2623ae744b7019a4b775720b, type: 3}
      propertyPath: m_StaticEditorFlags
      value: 2147483647
      objectReference: {fileID: 0}
    m_RemovedComponents: []
  m_SourcePrefab: {fileID: 100100000, guid: c83920da2623ae744b7019a4b775720b, type: 3}
--- !u!4 &109585526539125444 stripped
Transform:
  m_CorrespondingSourceObject: {fileID: 1844564816922910327, guid: c83920da2623ae744b7019a4b775720b, type: 3}
  m_PrefabInstance: {fileID: 1737376364517661875}
  m_PrefabAsset: {fileID: 0}
--- !u!1001 &1737376364578734437
PrefabInstance:
  m_ObjectHideFlags: 0
  serializedVersion: 2
  m_Modification:
    m_TransformParent: {fileID: 1737376365523680284}
    m_Modifications:
    - target: {fileID: 1356398505386558669, guid: c83920da2623ae744b7019a4b775720b, type: 3}
      propertyPath: m_Name
      value: Urial (2)
      objectReference: {fileID: 0}
    - target: {fileID: 1356398505386558669, guid: c83920da2623ae744b7019a4b775720b, type: 3}
      propertyPath: m_StaticEditorFlags
      value: 2147483647
      objectReference: {fileID: 0}
    - target: {fileID: 1844564816922910327, guid: c83920da2623ae744b7019a4b775720b, type: 3}
      propertyPath: m_RootOrder
      value: 9
      objectReference: {fileID: 0}
    - target: {fileID: 1844564816922910327, guid: c83920da2623ae744b7019a4b775720b, type: 3}
      propertyPath: m_LocalPosition.x
      value: 1.027
      objectReference: {fileID: 0}
    - target: {fileID: 1844564816922910327, guid: c83920da2623ae744b7019a4b775720b, type: 3}
      propertyPath: m_LocalPosition.y
      value: 0.525
      objectReference: {fileID: 0}
    - target: {fileID: 1844564816922910327, guid: c83920da2623ae744b7019a4b775720b, type: 3}
      propertyPath: m_LocalPosition.z
      value: 2.97
      objectReference: {fileID: 0}
    - target: {fileID: 1844564816922910327, guid: c83920da2623ae744b7019a4b775720b, type: 3}
      propertyPath: m_LocalRotation.w
      value: 0.5
      objectReference: {fileID: 0}
    - target: {fileID: 1844564816922910327, guid: c83920da2623ae744b7019a4b775720b, type: 3}
      propertyPath: m_LocalRotation.x
      value: 0.5
      objectReference: {fileID: 0}
    - target: {fileID: 1844564816922910327, guid: c83920da2623ae744b7019a4b775720b, type: 3}
      propertyPath: m_LocalRotation.y
      value: 0.5
      objectReference: {fileID: 0}
    - target: {fileID: 1844564816922910327, guid: c83920da2623ae744b7019a4b775720b, type: 3}
      propertyPath: m_LocalRotation.z
      value: -0.5
      objectReference: {fileID: 0}
    - target: {fileID: 1844564816922910327, guid: c83920da2623ae744b7019a4b775720b, type: 3}
      propertyPath: m_LocalEulerAnglesHint.x
      value: 90
      objectReference: {fileID: 0}
    - target: {fileID: 1844564816922910327, guid: c83920da2623ae744b7019a4b775720b, type: 3}
      propertyPath: m_LocalEulerAnglesHint.y
      value: 90
      objectReference: {fileID: 0}
    - target: {fileID: 1844564816922910327, guid: c83920da2623ae744b7019a4b775720b, type: 3}
      propertyPath: m_LocalEulerAnglesHint.z
      value: 0
      objectReference: {fileID: 0}
    - target: {fileID: 8485799945868996621, guid: c83920da2623ae744b7019a4b775720b, type: 3}
      propertyPath: m_StaticEditorFlags
      value: 2147483647
      objectReference: {fileID: 0}
    m_RemovedComponents: []
  m_SourcePrefab: {fileID: 100100000, guid: c83920da2623ae744b7019a4b775720b, type: 3}
--- !u!4 &109585526545162002 stripped
Transform:
  m_CorrespondingSourceObject: {fileID: 1844564816922910327, guid: c83920da2623ae744b7019a4b775720b, type: 3}
  m_PrefabInstance: {fileID: 1737376364578734437}
  m_PrefabAsset: {fileID: 0}
--- !u!1001 &1737376364700882249
PrefabInstance:
  m_ObjectHideFlags: 0
  serializedVersion: 2
  m_Modification:
    m_TransformParent: {fileID: 1737376365523680284}
    m_Modifications:
    - target: {fileID: 1356398505386558669, guid: c83920da2623ae744b7019a4b775720b, type: 3}
      propertyPath: m_Name
      value: Urial (3)
      objectReference: {fileID: 0}
    - target: {fileID: 1356398505386558669, guid: c83920da2623ae744b7019a4b775720b, type: 3}
      propertyPath: m_StaticEditorFlags
      value: 2147483647
      objectReference: {fileID: 0}
    - target: {fileID: 1844564816922910327, guid: c83920da2623ae744b7019a4b775720b, type: 3}
      propertyPath: m_RootOrder
      value: 8
      objectReference: {fileID: 0}
    - target: {fileID: 1844564816922910327, guid: c83920da2623ae744b7019a4b775720b, type: 3}
      propertyPath: m_LocalPosition.x
      value: 1.027
      objectReference: {fileID: 0}
    - target: {fileID: 1844564816922910327, guid: c83920da2623ae744b7019a4b775720b, type: 3}
      propertyPath: m_LocalPosition.y
      value: 0.525
      objectReference: {fileID: 0}
    - target: {fileID: 1844564816922910327, guid: c83920da2623ae744b7019a4b775720b, type: 3}
      propertyPath: m_LocalPosition.z
      value: 3.8
      objectReference: {fileID: 0}
    - target: {fileID: 1844564816922910327, guid: c83920da2623ae744b7019a4b775720b, type: 3}
      propertyPath: m_LocalRotation.w
      value: 0.5
      objectReference: {fileID: 0}
    - target: {fileID: 1844564816922910327, guid: c83920da2623ae744b7019a4b775720b, type: 3}
      propertyPath: m_LocalRotation.x
      value: 0.5
      objectReference: {fileID: 0}
    - target: {fileID: 1844564816922910327, guid: c83920da2623ae744b7019a4b775720b, type: 3}
      propertyPath: m_LocalRotation.y
      value: 0.5
      objectReference: {fileID: 0}
    - target: {fileID: 1844564816922910327, guid: c83920da2623ae744b7019a4b775720b, type: 3}
      propertyPath: m_LocalRotation.z
      value: -0.5
      objectReference: {fileID: 0}
    - target: {fileID: 1844564816922910327, guid: c83920da2623ae744b7019a4b775720b, type: 3}
      propertyPath: m_LocalEulerAnglesHint.x
      value: 90
      objectReference: {fileID: 0}
    - target: {fileID: 1844564816922910327, guid: c83920da2623ae744b7019a4b775720b, type: 3}
      propertyPath: m_LocalEulerAnglesHint.y
      value: 90
      objectReference: {fileID: 0}
    - target: {fileID: 1844564816922910327, guid: c83920da2623ae744b7019a4b775720b, type: 3}
      propertyPath: m_LocalEulerAnglesHint.z
      value: 0
      objectReference: {fileID: 0}
    - target: {fileID: 4078310597555801516, guid: c83920da2623ae744b7019a4b775720b, type: 3}
      propertyPath: m_Materials.Array.data[0]
      value: 
      objectReference: {fileID: -156486658544998735, guid: 967307f8cf2161a409c2bfd4e2387a4f, type: 3}
    - target: {fileID: 4078310597555801516, guid: c83920da2623ae744b7019a4b775720b, type: 3}
      propertyPath: m_Materials.Array.data[1]
      value: 
      objectReference: {fileID: 5865586234719623449, guid: 967307f8cf2161a409c2bfd4e2387a4f, type: 3}
    - target: {fileID: 8485799945868996621, guid: c83920da2623ae744b7019a4b775720b, type: 3}
      propertyPath: m_StaticEditorFlags
      value: 2147483647
      objectReference: {fileID: 0}
    m_RemovedComponents: []
  m_SourcePrefab: {fileID: 100100000, guid: c83920da2623ae744b7019a4b775720b, type: 3}
--- !u!4 &109585527228353342 stripped
Transform:
  m_CorrespondingSourceObject: {fileID: 1844564816922910327, guid: c83920da2623ae744b7019a4b775720b, type: 3}
  m_PrefabInstance: {fileID: 1737376364700882249}
  m_PrefabAsset: {fileID: 0}
--- !u!1001 &1744693927054028817
PrefabInstance:
  m_ObjectHideFlags: 0
  serializedVersion: 2
  m_Modification:
    m_TransformParent: {fileID: 1737376365523680284}
    m_Modifications:
    - target: {fileID: 1356398505386558669, guid: c83920da2623ae744b7019a4b775720b, type: 3}
      propertyPath: m_Name
      value: Urial
      objectReference: {fileID: 0}
    - target: {fileID: 1356398505386558669, guid: c83920da2623ae744b7019a4b775720b, type: 3}
      propertyPath: m_StaticEditorFlags
      value: 2147483647
      objectReference: {fileID: 0}
    - target: {fileID: 1844564816922910327, guid: c83920da2623ae744b7019a4b775720b, type: 3}
      propertyPath: m_RootOrder
      value: 10
      objectReference: {fileID: 0}
    - target: {fileID: 1844564816922910327, guid: c83920da2623ae744b7019a4b775720b, type: 3}
      propertyPath: m_LocalPosition.x
      value: 1.027
      objectReference: {fileID: 0}
    - target: {fileID: 1844564816922910327, guid: c83920da2623ae744b7019a4b775720b, type: 3}
      propertyPath: m_LocalPosition.y
      value: 0.525
      objectReference: {fileID: 0}
    - target: {fileID: 1844564816922910327, guid: c83920da2623ae744b7019a4b775720b, type: 3}
      propertyPath: m_LocalPosition.z
      value: 1.275
      objectReference: {fileID: 0}
    - target: {fileID: 1844564816922910327, guid: c83920da2623ae744b7019a4b775720b, type: 3}
      propertyPath: m_LocalRotation.w
      value: 0.5
      objectReference: {fileID: 0}
    - target: {fileID: 1844564816922910327, guid: c83920da2623ae744b7019a4b775720b, type: 3}
      propertyPath: m_LocalRotation.x
      value: 0.5
      objectReference: {fileID: 0}
    - target: {fileID: 1844564816922910327, guid: c83920da2623ae744b7019a4b775720b, type: 3}
      propertyPath: m_LocalRotation.y
      value: 0.5
      objectReference: {fileID: 0}
    - target: {fileID: 1844564816922910327, guid: c83920da2623ae744b7019a4b775720b, type: 3}
      propertyPath: m_LocalRotation.z
      value: -0.5
      objectReference: {fileID: 0}
    - target: {fileID: 1844564816922910327, guid: c83920da2623ae744b7019a4b775720b, type: 3}
      propertyPath: m_LocalEulerAnglesHint.x
      value: 90
      objectReference: {fileID: 0}
    - target: {fileID: 1844564816922910327, guid: c83920da2623ae744b7019a4b775720b, type: 3}
      propertyPath: m_LocalEulerAnglesHint.y
      value: 90
      objectReference: {fileID: 0}
    - target: {fileID: 1844564816922910327, guid: c83920da2623ae744b7019a4b775720b, type: 3}
      propertyPath: m_LocalEulerAnglesHint.z
      value: 0
      objectReference: {fileID: 0}
    - target: {fileID: 4078310597555801516, guid: c83920da2623ae744b7019a4b775720b, type: 3}
      propertyPath: m_Materials.Array.data[0]
      value: 
      objectReference: {fileID: -156486658544998735, guid: 967307f8cf2161a409c2bfd4e2387a4f, type: 3}
    - target: {fileID: 4078310597555801516, guid: c83920da2623ae744b7019a4b775720b, type: 3}
      propertyPath: m_Materials.Array.data[1]
      value: 
      objectReference: {fileID: 5865586234719623449, guid: 967307f8cf2161a409c2bfd4e2387a4f, type: 3}
    - target: {fileID: 8485799945868996621, guid: c83920da2623ae744b7019a4b775720b, type: 3}
      propertyPath: m_StaticEditorFlags
      value: 2147483647
      objectReference: {fileID: 0}
    m_RemovedComponents: []
  m_SourcePrefab: {fileID: 100100000, guid: c83920da2623ae744b7019a4b775720b, type: 3}
--- !u!4 &121403742834241126 stripped
Transform:
  m_CorrespondingSourceObject: {fileID: 1844564816922910327, guid: c83920da2623ae744b7019a4b775720b, type: 3}
  m_PrefabInstance: {fileID: 1744693927054028817}
  m_PrefabAsset: {fileID: 0}
--- !u!1001 &7976715733951386934
PrefabInstance:
  m_ObjectHideFlags: 0
  serializedVersion: 2
  m_Modification:
    m_TransformParent: {fileID: 1737376365523680284}
    m_Modifications:
    - target: {fileID: -8679921383154817045, guid: 8940f55759a3f3446b0fa35118b24fd7, type: 3}
      propertyPath: m_RootOrder
      value: 5
      objectReference: {fileID: 0}
    - target: {fileID: -8679921383154817045, guid: 8940f55759a3f3446b0fa35118b24fd7, type: 3}
      propertyPath: m_LocalScale.x
      value: 1.2
      objectReference: {fileID: 0}
    - target: {fileID: -8679921383154817045, guid: 8940f55759a3f3446b0fa35118b24fd7, type: 3}
      propertyPath: m_LocalScale.y
      value: 1.5
      objectReference: {fileID: 0}
    - target: {fileID: -8679921383154817045, guid: 8940f55759a3f3446b0fa35118b24fd7, type: 3}
      propertyPath: m_LocalScale.z
      value: 0.9
      objectReference: {fileID: 0}
    - target: {fileID: -8679921383154817045, guid: 8940f55759a3f3446b0fa35118b24fd7, type: 3}
      propertyPath: m_LocalPosition.x
      value: -1.092
      objectReference: {fileID: 0}
    - target: {fileID: -8679921383154817045, guid: 8940f55759a3f3446b0fa35118b24fd7, type: 3}
      propertyPath: m_LocalPosition.y
      value: 0.00000001959709
      objectReference: {fileID: 0}
    - target: {fileID: -8679921383154817045, guid: 8940f55759a3f3446b0fa35118b24fd7, type: 3}
      propertyPath: m_LocalPosition.z
      value: 4.276
      objectReference: {fileID: 0}
    - target: {fileID: -8679921383154817045, guid: 8940f55759a3f3446b0fa35118b24fd7, type: 3}
      propertyPath: m_LocalRotation.w
      value: 0.7071068
      objectReference: {fileID: 0}
    - target: {fileID: -8679921383154817045, guid: 8940f55759a3f3446b0fa35118b24fd7, type: 3}
      propertyPath: m_LocalRotation.x
      value: 0
      objectReference: {fileID: 0}
    - target: {fileID: -8679921383154817045, guid: 8940f55759a3f3446b0fa35118b24fd7, type: 3}
      propertyPath: m_LocalRotation.y
      value: -0.7071068
      objectReference: {fileID: 0}
    - target: {fileID: -8679921383154817045, guid: 8940f55759a3f3446b0fa35118b24fd7, type: 3}
      propertyPath: m_LocalRotation.z
      value: 0
      objectReference: {fileID: 0}
    - target: {fileID: -8679921383154817045, guid: 8940f55759a3f3446b0fa35118b24fd7, type: 3}
      propertyPath: m_LocalEulerAnglesHint.x
      value: 0
      objectReference: {fileID: 0}
    - target: {fileID: -8679921383154817045, guid: 8940f55759a3f3446b0fa35118b24fd7, type: 3}
      propertyPath: m_LocalEulerAnglesHint.y
      value: -90
      objectReference: {fileID: 0}
    - target: {fileID: -8679921383154817045, guid: 8940f55759a3f3446b0fa35118b24fd7, type: 3}
      propertyPath: m_LocalEulerAnglesHint.z
      value: 0
      objectReference: {fileID: 0}
    - target: {fileID: -8462709953001013040, guid: 8940f55759a3f3446b0fa35118b24fd7, type: 3}
      propertyPath: m_StaticEditorFlags
      value: 2147483647
      objectReference: {fileID: 0}
    - target: {fileID: -8084033944509488881, guid: 8940f55759a3f3446b0fa35118b24fd7, type: 3}
      propertyPath: m_StaticEditorFlags
      value: 2147483647
      objectReference: {fileID: 0}
    - target: {fileID: -7862391691550088030, guid: 8940f55759a3f3446b0fa35118b24fd7, type: 3}
      propertyPath: m_StaticEditorFlags
      value: 2147483647
      objectReference: {fileID: 0}
    - target: {fileID: -7639331209684527813, guid: 8940f55759a3f3446b0fa35118b24fd7, type: 3}
      propertyPath: m_StaticEditorFlags
      value: 2147483647
      objectReference: {fileID: 0}
    - target: {fileID: -5921505478000457673, guid: 8940f55759a3f3446b0fa35118b24fd7, type: 3}
      propertyPath: m_StaticEditorFlags
      value: 2147483647
      objectReference: {fileID: 0}
    - target: {fileID: -5780950928546885950, guid: 8940f55759a3f3446b0fa35118b24fd7, type: 3}
      propertyPath: m_StaticEditorFlags
      value: 2147483647
      objectReference: {fileID: 0}
    - target: {fileID: -5525249646320217000, guid: 8940f55759a3f3446b0fa35118b24fd7, type: 3}
      propertyPath: m_StaticEditorFlags
      value: 2147483647
      objectReference: {fileID: 0}
    - target: {fileID: -5494517347539682338, guid: 8940f55759a3f3446b0fa35118b24fd7, type: 3}
      propertyPath: m_StaticEditorFlags
      value: 2147483647
      objectReference: {fileID: 0}
    - target: {fileID: -5457669278126058004, guid: 8940f55759a3f3446b0fa35118b24fd7, type: 3}
      propertyPath: m_StaticEditorFlags
      value: 2147483647
      objectReference: {fileID: 0}
    - target: {fileID: -5090531447627580993, guid: 8940f55759a3f3446b0fa35118b24fd7, type: 3}
      propertyPath: m_StaticEditorFlags
      value: 2147483647
      objectReference: {fileID: 0}
    - target: {fileID: -4658881790374725516, guid: 8940f55759a3f3446b0fa35118b24fd7, type: 3}
      propertyPath: m_StaticEditorFlags
      value: 2147483647
      objectReference: {fileID: 0}
    - target: {fileID: -3566161465161724425, guid: 8940f55759a3f3446b0fa35118b24fd7, type: 3}
      propertyPath: m_StaticEditorFlags
      value: 2147483647
      objectReference: {fileID: 0}
    - target: {fileID: -3068240195741245191, guid: 8940f55759a3f3446b0fa35118b24fd7, type: 3}
      propertyPath: m_StaticEditorFlags
      value: 2147483647
      objectReference: {fileID: 0}
    - target: {fileID: -1916899210259106318, guid: 8940f55759a3f3446b0fa35118b24fd7, type: 3}
      propertyPath: m_StaticEditorFlags
      value: 2147483647
      objectReference: {fileID: 0}
    - target: {fileID: -1450400270514423276, guid: 8940f55759a3f3446b0fa35118b24fd7, type: 3}
      propertyPath: m_StaticEditorFlags
      value: 2147483647
      objectReference: {fileID: 0}
    - target: {fileID: -1138941984392502341, guid: 8940f55759a3f3446b0fa35118b24fd7, type: 3}
      propertyPath: m_StaticEditorFlags
      value: 2147483647
      objectReference: {fileID: 0}
    - target: {fileID: 52361805505633545, guid: 8940f55759a3f3446b0fa35118b24fd7, type: 3}
      propertyPath: m_StaticEditorFlags
      value: 2147483647
      objectReference: {fileID: 0}
    - target: {fileID: 601941165156881537, guid: 8940f55759a3f3446b0fa35118b24fd7, type: 3}
      propertyPath: m_StaticEditorFlags
      value: 2147483647
      objectReference: {fileID: 0}
    - target: {fileID: 919132149155446097, guid: 8940f55759a3f3446b0fa35118b24fd7, type: 3}
      propertyPath: m_Name
      value: NhaVeSinh (2)
      objectReference: {fileID: 0}
    - target: {fileID: 919132149155446097, guid: 8940f55759a3f3446b0fa35118b24fd7, type: 3}
      propertyPath: m_StaticEditorFlags
      value: 2147483647
      objectReference: {fileID: 0}
    - target: {fileID: 994085286933097443, guid: 8940f55759a3f3446b0fa35118b24fd7, type: 3}
      propertyPath: m_StaticEditorFlags
      value: 2147483647
      objectReference: {fileID: 0}
    - target: {fileID: 6152013724912818185, guid: 8940f55759a3f3446b0fa35118b24fd7, type: 3}
      propertyPath: m_StaticEditorFlags
      value: 2147483647
      objectReference: {fileID: 0}
    - target: {fileID: 6771772229779705346, guid: 8940f55759a3f3446b0fa35118b24fd7, type: 3}
      propertyPath: m_StaticEditorFlags
      value: 2147483647
      objectReference: {fileID: 0}
    - target: {fileID: 7487518098670330387, guid: 8940f55759a3f3446b0fa35118b24fd7, type: 3}
      propertyPath: m_StaticEditorFlags
      value: 2147483647
      objectReference: {fileID: 0}
    - target: {fileID: 7672424614771305636, guid: 8940f55759a3f3446b0fa35118b24fd7, type: 3}
      propertyPath: m_StaticEditorFlags
      value: 2147483647
      objectReference: {fileID: 0}
    - target: {fileID: 7742780737561719692, guid: 8940f55759a3f3446b0fa35118b24fd7, type: 3}
      propertyPath: m_StaticEditorFlags
      value: 2147483647
      objectReference: {fileID: 0}
    - target: {fileID: 8164078558771037576, guid: 8940f55759a3f3446b0fa35118b24fd7, type: 3}
      propertyPath: m_StaticEditorFlags
      value: 2147483647
      objectReference: {fileID: 0}
    - target: {fileID: 8344109066494739902, guid: 8940f55759a3f3446b0fa35118b24fd7, type: 3}
      propertyPath: m_StaticEditorFlags
      value: 2147483647
      objectReference: {fileID: 0}
    - target: {fileID: 8365168192904467795, guid: 8940f55759a3f3446b0fa35118b24fd7, type: 3}
      propertyPath: m_StaticEditorFlags
      value: 2147483647
      objectReference: {fileID: 0}
    m_RemovedComponents: []
  m_SourcePrefab: {fileID: 100100000, guid: 8940f55759a3f3446b0fa35118b24fd7, type: 3}
--- !u!4 &7581886731978044125 stripped
Transform:
  m_CorrespondingSourceObject: {fileID: -8679921383154817045, guid: 8940f55759a3f3446b0fa35118b24fd7, type: 3}
  m_PrefabInstance: {fileID: 7976715733951386934}
  m_PrefabAsset: {fileID: 0}
--- !u!1001 &9127400623389239637
PrefabInstance:
  m_ObjectHideFlags: 0
  serializedVersion: 2
  m_Modification:
    m_TransformParent: {fileID: 1737376365523680284}
    m_Modifications:
    - target: {fileID: -8679921383154817045, guid: 8940f55759a3f3446b0fa35118b24fd7, type: 3}
      propertyPath: m_RootOrder
      value: 6
      objectReference: {fileID: 0}
    - target: {fileID: -8679921383154817045, guid: 8940f55759a3f3446b0fa35118b24fd7, type: 3}
      propertyPath: m_LocalScale.x
      value: 1.2
      objectReference: {fileID: 0}
    - target: {fileID: -8679921383154817045, guid: 8940f55759a3f3446b0fa35118b24fd7, type: 3}
      propertyPath: m_LocalScale.y
      value: 1.5
      objectReference: {fileID: 0}
    - target: {fileID: -8679921383154817045, guid: 8940f55759a3f3446b0fa35118b24fd7, type: 3}
      propertyPath: m_LocalScale.z
      value: 0.9
      objectReference: {fileID: 0}
    - target: {fileID: -8679921383154817045, guid: 8940f55759a3f3446b0fa35118b24fd7, type: 3}
      propertyPath: m_LocalPosition.x
      value: -1.06
      objectReference: {fileID: 0}
    - target: {fileID: -8679921383154817045, guid: 8940f55759a3f3446b0fa35118b24fd7, type: 3}
      propertyPath: m_LocalPosition.y
      value: 0.00000001959709
      objectReference: {fileID: 0}
    - target: {fileID: -8679921383154817045, guid: 8940f55759a3f3446b0fa35118b24fd7, type: 3}
      propertyPath: m_LocalPosition.z
      value: 2.205
      objectReference: {fileID: 0}
    - target: {fileID: -8679921383154817045, guid: 8940f55759a3f3446b0fa35118b24fd7, type: 3}
      propertyPath: m_LocalRotation.w
      value: 0.7071068
      objectReference: {fileID: 0}
    - target: {fileID: -8679921383154817045, guid: 8940f55759a3f3446b0fa35118b24fd7, type: 3}
      propertyPath: m_LocalRotation.x
      value: 0
      objectReference: {fileID: 0}
    - target: {fileID: -8679921383154817045, guid: 8940f55759a3f3446b0fa35118b24fd7, type: 3}
      propertyPath: m_LocalRotation.y
      value: -0.7071068
      objectReference: {fileID: 0}
    - target: {fileID: -8679921383154817045, guid: 8940f55759a3f3446b0fa35118b24fd7, type: 3}
      propertyPath: m_LocalRotation.z
      value: 0
      objectReference: {fileID: 0}
    - target: {fileID: -8679921383154817045, guid: 8940f55759a3f3446b0fa35118b24fd7, type: 3}
      propertyPath: m_LocalEulerAnglesHint.x
      value: 0
      objectReference: {fileID: 0}
    - target: {fileID: -8679921383154817045, guid: 8940f55759a3f3446b0fa35118b24fd7, type: 3}
      propertyPath: m_LocalEulerAnglesHint.y
      value: -90
      objectReference: {fileID: 0}
    - target: {fileID: -8679921383154817045, guid: 8940f55759a3f3446b0fa35118b24fd7, type: 3}
      propertyPath: m_LocalEulerAnglesHint.z
      value: 0
      objectReference: {fileID: 0}
    - target: {fileID: -8462709953001013040, guid: 8940f55759a3f3446b0fa35118b24fd7, type: 3}
      propertyPath: m_StaticEditorFlags
      value: 2147483647
      objectReference: {fileID: 0}
    - target: {fileID: -8084033944509488881, guid: 8940f55759a3f3446b0fa35118b24fd7, type: 3}
      propertyPath: m_StaticEditorFlags
      value: 2147483647
      objectReference: {fileID: 0}
    - target: {fileID: -7862391691550088030, guid: 8940f55759a3f3446b0fa35118b24fd7, type: 3}
      propertyPath: m_StaticEditorFlags
      value: 2147483647
      objectReference: {fileID: 0}
    - target: {fileID: -7639331209684527813, guid: 8940f55759a3f3446b0fa35118b24fd7, type: 3}
      propertyPath: m_StaticEditorFlags
      value: 2147483647
      objectReference: {fileID: 0}
    - target: {fileID: -5921505478000457673, guid: 8940f55759a3f3446b0fa35118b24fd7, type: 3}
      propertyPath: m_StaticEditorFlags
      value: 2147483647
      objectReference: {fileID: 0}
    - target: {fileID: -5780950928546885950, guid: 8940f55759a3f3446b0fa35118b24fd7, type: 3}
      propertyPath: m_StaticEditorFlags
      value: 2147483647
      objectReference: {fileID: 0}
    - target: {fileID: -5525249646320217000, guid: 8940f55759a3f3446b0fa35118b24fd7, type: 3}
      propertyPath: m_StaticEditorFlags
      value: 2147483647
      objectReference: {fileID: 0}
    - target: {fileID: -5494517347539682338, guid: 8940f55759a3f3446b0fa35118b24fd7, type: 3}
      propertyPath: m_StaticEditorFlags
      value: 2147483647
      objectReference: {fileID: 0}
    - target: {fileID: -5457669278126058004, guid: 8940f55759a3f3446b0fa35118b24fd7, type: 3}
      propertyPath: m_StaticEditorFlags
      value: 2147483647
      objectReference: {fileID: 0}
    - target: {fileID: -5090531447627580993, guid: 8940f55759a3f3446b0fa35118b24fd7, type: 3}
      propertyPath: m_StaticEditorFlags
      value: 2147483647
      objectReference: {fileID: 0}
    - target: {fileID: -4658881790374725516, guid: 8940f55759a3f3446b0fa35118b24fd7, type: 3}
      propertyPath: m_StaticEditorFlags
      value: 2147483647
      objectReference: {fileID: 0}
    - target: {fileID: -3566161465161724425, guid: 8940f55759a3f3446b0fa35118b24fd7, type: 3}
      propertyPath: m_StaticEditorFlags
      value: 2147483647
      objectReference: {fileID: 0}
    - target: {fileID: -3068240195741245191, guid: 8940f55759a3f3446b0fa35118b24fd7, type: 3}
      propertyPath: m_StaticEditorFlags
      value: 2147483647
      objectReference: {fileID: 0}
    - target: {fileID: -1916899210259106318, guid: 8940f55759a3f3446b0fa35118b24fd7, type: 3}
      propertyPath: m_StaticEditorFlags
      value: 2147483647
      objectReference: {fileID: 0}
    - target: {fileID: -1450400270514423276, guid: 8940f55759a3f3446b0fa35118b24fd7, type: 3}
      propertyPath: m_StaticEditorFlags
      value: 2147483647
      objectReference: {fileID: 0}
    - target: {fileID: -1138941984392502341, guid: 8940f55759a3f3446b0fa35118b24fd7, type: 3}
      propertyPath: m_StaticEditorFlags
      value: 2147483647
      objectReference: {fileID: 0}
    - target: {fileID: 52361805505633545, guid: 8940f55759a3f3446b0fa35118b24fd7, type: 3}
      propertyPath: m_StaticEditorFlags
      value: 2147483647
      objectReference: {fileID: 0}
    - target: {fileID: 601941165156881537, guid: 8940f55759a3f3446b0fa35118b24fd7, type: 3}
      propertyPath: m_StaticEditorFlags
      value: 2147483647
      objectReference: {fileID: 0}
    - target: {fileID: 919132149155446097, guid: 8940f55759a3f3446b0fa35118b24fd7, type: 3}
      propertyPath: m_Name
      value: NhaVeSinh
      objectReference: {fileID: 0}
    - target: {fileID: 919132149155446097, guid: 8940f55759a3f3446b0fa35118b24fd7, type: 3}
      propertyPath: m_StaticEditorFlags
      value: 2147483647
      objectReference: {fileID: 0}
    - target: {fileID: 994085286933097443, guid: 8940f55759a3f3446b0fa35118b24fd7, type: 3}
      propertyPath: m_StaticEditorFlags
      value: 2147483647
      objectReference: {fileID: 0}
    - target: {fileID: 6152013724912818185, guid: 8940f55759a3f3446b0fa35118b24fd7, type: 3}
      propertyPath: m_StaticEditorFlags
      value: 2147483647
      objectReference: {fileID: 0}
    - target: {fileID: 6771772229779705346, guid: 8940f55759a3f3446b0fa35118b24fd7, type: 3}
      propertyPath: m_StaticEditorFlags
      value: 2147483647
      objectReference: {fileID: 0}
    - target: {fileID: 7487518098670330387, guid: 8940f55759a3f3446b0fa35118b24fd7, type: 3}
      propertyPath: m_StaticEditorFlags
      value: 2147483647
      objectReference: {fileID: 0}
    - target: {fileID: 7672424614771305636, guid: 8940f55759a3f3446b0fa35118b24fd7, type: 3}
      propertyPath: m_StaticEditorFlags
      value: 2147483647
      objectReference: {fileID: 0}
    - target: {fileID: 7742780737561719692, guid: 8940f55759a3f3446b0fa35118b24fd7, type: 3}
      propertyPath: m_StaticEditorFlags
      value: 2147483647
      objectReference: {fileID: 0}
    - target: {fileID: 8164078558771037576, guid: 8940f55759a3f3446b0fa35118b24fd7, type: 3}
      propertyPath: m_StaticEditorFlags
      value: 2147483647
      objectReference: {fileID: 0}
    - target: {fileID: 8344109066494739902, guid: 8940f55759a3f3446b0fa35118b24fd7, type: 3}
      propertyPath: m_StaticEditorFlags
      value: 2147483647
      objectReference: {fileID: 0}
    - target: {fileID: 8365168192904467795, guid: 8940f55759a3f3446b0fa35118b24fd7, type: 3}
      propertyPath: m_StaticEditorFlags
      value: 2147483647
      objectReference: {fileID: 0}
    m_RemovedComponents: []
  m_SourcePrefab: {fileID: 100100000, guid: 8940f55759a3f3446b0fa35118b24fd7, type: 3}
--- !u!4 &8728455462656544446 stripped
Transform:
  m_CorrespondingSourceObject: {fileID: -8679921383154817045, guid: 8940f55759a3f3446b0fa35118b24fd7, type: 3}
  m_PrefabInstance: {fileID: 9127400623389239637}
  m_PrefabAsset: {fileID: 0}
