%YAML 1.1
%TAG !u! tag:unity3d.com,2011:
--- !u!1 &59543953014215786
GameObject:
  m_ObjectHideFlags: 0
  m_CorrespondingSourceObject: {fileID: 0}
  m_PrefabInstance: {fileID: 0}
  m_PrefabAsset: {fileID: 0}
  serializedVersion: 6
  m_Component:
  - component: {fileID: 7026609577533435315}
  - component: {fileID: 4081588468050159724}
  - component: {fileID: 6362132807608232411}
  m_Layer: 0
  m_Name: Box048
  m_TagString: Untagged
  m_Icon: {fileID: 0}
  m_NavMeshLayer: 0
  m_StaticEditorFlags: 0
  m_IsActive: 1
--- !u!4 &7026609577533435315
Transform:
  m_ObjectHideFlags: 0
  m_CorrespondingSourceObject: {fileID: 0}
  m_PrefabInstance: {fileID: 0}
  m_PrefabAsset: {fileID: 0}
  m_GameObject: {fileID: 59543953014215786}
  m_LocalRotation: {x: 0.7071068, y: 0, z: -0, w: 0.7071067}
  m_LocalPosition: {x: -1.2364361, y: -0.22583728, z: -0.23752348}
  m_LocalScale: {x: 0.61758894, y: 0.61758894, z: 0.3049447}
  m_ConstrainProportionsScale: 0
  m_Children: []
  m_Father: {fileID: 7923492055296030156}
  m_RootOrder: 1
  m_LocalEulerAnglesHint: {x: 0, y: 0, z: 0}
--- !u!33 &4081588468050159724
MeshFilter:
  m_ObjectHideFlags: 0
  m_CorrespondingSourceObject: {fileID: 0}
  m_PrefabInstance: {fileID: 0}
  m_PrefabAsset: {fileID: 0}
  m_GameObject: {fileID: 59543953014215786}
  m_Mesh: {fileID: 8832725224115948559, guid: 5e217ec608734c144b77cb44e541f90f, type: 3}
--- !u!23 &6362132807608232411
MeshRenderer:
  m_ObjectHideFlags: 0
  m_CorrespondingSourceObject: {fileID: 0}
  m_PrefabInstance: {fileID: 0}
  m_PrefabAsset: {fileID: 0}
  m_GameObject: {fileID: 59543953014215786}
  m_Enabled: 1
  m_CastShadows: 1
  m_ReceiveShadows: 1
  m_DynamicOccludee: 1
  m_StaticShadowCaster: 0
  m_MotionVectors: 1
  m_LightProbeUsage: 1
  m_ReflectionProbeUsage: 1
  m_RayTracingMode: 2
  m_RayTraceProcedural: 0
  m_RenderingLayerMask: 1
  m_RendererPriority: 0
  m_Materials:
  - {fileID: 10303, guid: 0000000000000000f000000000000000, type: 0}
  m_StaticBatchInfo:
    firstSubMesh: 0
    subMeshCount: 0
  m_StaticBatchRoot: {fileID: 0}
  m_ProbeAnchor: {fileID: 0}
  m_LightProbeVolumeOverride: {fileID: 0}
  m_ScaleInLightmap: 1
  m_ReceiveGI: 1
  m_PreserveUVs: 0
  m_IgnoreNormalsForChartDetection: 0
  m_ImportantGI: 0
  m_StitchLightmapSeams: 1
  m_SelectedEditorRenderState: 3
  m_MinimumChartSize: 4
  m_AutoUVMaxDistance: 0.5
  m_AutoUVMaxAngle: 89
  m_LightmapParameters: {fileID: 0}
  m_SortingLayerID: 0
  m_SortingLayer: 0
  m_SortingOrder: 0
  m_AdditionalVertexStreams: {fileID: 0}
--- !u!1 &437345563022125644
GameObject:
  m_ObjectHideFlags: 0
  m_CorrespondingSourceObject: {fileID: 0}
  m_PrefabInstance: {fileID: 0}
  m_PrefabAsset: {fileID: 0}
  serializedVersion: 6
  m_Component:
  - component: {fileID: 8659717044404185380}
  - component: {fileID: 5123242309441994649}
  - component: {fileID: 1423737933827160846}
  - component: {fileID: 854829453484750414}
  m_Layer: 0
  m_Name: San (1)
  m_TagString: Untagged
  m_Icon: {fileID: 0}
  m_NavMeshLayer: 0
  m_StaticEditorFlags: 0
  m_IsActive: 1
--- !u!4 &8659717044404185380
Transform:
  m_ObjectHideFlags: 0
  m_CorrespondingSourceObject: {fileID: 0}
  m_PrefabInstance: {fileID: 0}
  m_PrefabAsset: {fileID: 0}
  m_GameObject: {fileID: 437345563022125644}
  m_LocalRotation: {x: -0, y: -0, z: -1, w: 0}
  m_LocalPosition: {x: 0.25, y: 2.0500002, z: 2.2864}
  m_LocalScale: {x: 3.9521499, y: 0.1026, z: 4.8330097}
  m_ConstrainProportionsScale: 0
  m_Children: []
  m_Father: {fileID: 2144214517226338426}
  m_RootOrder: 10
  m_LocalEulerAnglesHint: {x: 0, y: 0, z: 0}
--- !u!33 &5123242309441994649
MeshFilter:
  m_ObjectHideFlags: 0
  m_CorrespondingSourceObject: {fileID: 0}
  m_PrefabInstance: {fileID: 0}
  m_PrefabAsset: {fileID: 0}
  m_GameObject: {fileID: 437345563022125644}
  m_Mesh: {fileID: 10202, guid: 0000000000000000e000000000000000, type: 0}
--- !u!23 &1423737933827160846
MeshRenderer:
  m_ObjectHideFlags: 0
  m_CorrespondingSourceObject: {fileID: 0}
  m_PrefabInstance: {fileID: 0}
  m_PrefabAsset: {fileID: 0}
  m_GameObject: {fileID: 437345563022125644}
  m_Enabled: 1
  m_CastShadows: 1
  m_ReceiveShadows: 1
  m_DynamicOccludee: 1
  m_StaticShadowCaster: 0
  m_MotionVectors: 1
  m_LightProbeUsage: 1
  m_ReflectionProbeUsage: 1
  m_RayTracingMode: 2
  m_RayTraceProcedural: 0
  m_RenderingLayerMask: 1
  m_RendererPriority: 0
  m_Materials:
  - {fileID: 2100000, guid: cb677880fdeb224469b73e664d0ab8de, type: 2}
  m_StaticBatchInfo:
    firstSubMesh: 0
    subMeshCount: 0
  m_StaticBatchRoot: {fileID: 0}
  m_ProbeAnchor: {fileID: 0}
  m_LightProbeVolumeOverride: {fileID: 0}
  m_ScaleInLightmap: 1
  m_ReceiveGI: 1
  m_PreserveUVs: 0
  m_IgnoreNormalsForChartDetection: 0
  m_ImportantGI: 0
  m_StitchLightmapSeams: 1
  m_SelectedEditorRenderState: 3
  m_MinimumChartSize: 4
  m_AutoUVMaxDistance: 0.5
  m_AutoUVMaxAngle: 89
  m_LightmapParameters: {fileID: 0}
  m_SortingLayerID: 0
  m_SortingLayer: 0
  m_SortingOrder: 0
  m_AdditionalVertexStreams: {fileID: 0}
--- !u!65 &854829453484750414
BoxCollider:
  m_ObjectHideFlags: 0
  m_CorrespondingSourceObject: {fileID: 0}
  m_PrefabInstance: {fileID: 0}
  m_PrefabAsset: {fileID: 0}
  m_GameObject: {fileID: 437345563022125644}
  m_Material: {fileID: 0}
  m_IsTrigger: 0
  m_Enabled: 1
  serializedVersion: 2
  m_Size: {x: 1, y: 1, z: 1}
  m_Center: {x: 0, y: 0, z: 0}
--- !u!1 &493673718135218078
GameObject:
  m_ObjectHideFlags: 0
  m_CorrespondingSourceObject: {fileID: 0}
  m_PrefabInstance: {fileID: 0}
  m_PrefabAsset: {fileID: 0}
  serializedVersion: 6
  m_Component:
  - component: {fileID: 149114050555143640}
  - component: {fileID: 1677260299867649922}
  - component: {fileID: 4465232853025945308}
  m_Layer: 0
  m_Name: Cylinder004
  m_TagString: Untagged
  m_Icon: {fileID: 0}
  m_NavMeshLayer: 0
  m_StaticEditorFlags: 0
  m_IsActive: 1
--- !u!4 &149114050555143640
Transform:
  m_ObjectHideFlags: 0
  m_CorrespondingSourceObject: {fileID: 0}
  m_PrefabInstance: {fileID: 0}
  m_PrefabAsset: {fileID: 0}
  m_GameObject: {fileID: 493673718135218078}
  m_LocalRotation: {x: -0.000000115202326, y: 0.7071068, z: 0.7071068, w: -0.000000115202326}
  m_LocalPosition: {x: -1.2364361, y: -0.1825496, z: -0.23752348}
  m_LocalScale: {x: 0.39974347, y: 0.39974347, z: 0.39974347}
  m_ConstrainProportionsScale: 0
  m_Children: []
  m_Father: {fileID: 7923492055296030156}
  m_RootOrder: 2
  m_LocalEulerAnglesHint: {x: 0, y: 0, z: 0}
--- !u!33 &1677260299867649922
MeshFilter:
  m_ObjectHideFlags: 0
  m_CorrespondingSourceObject: {fileID: 0}
  m_PrefabInstance: {fileID: 0}
  m_PrefabAsset: {fileID: 0}
  m_GameObject: {fileID: 493673718135218078}
  m_Mesh: {fileID: -5208879343037863941, guid: 5e217ec608734c144b77cb44e541f90f, type: 3}
--- !u!23 &4465232853025945308
MeshRenderer:
  m_ObjectHideFlags: 0
  m_CorrespondingSourceObject: {fileID: 0}
  m_PrefabInstance: {fileID: 0}
  m_PrefabAsset: {fileID: 0}
  m_GameObject: {fileID: 493673718135218078}
  m_Enabled: 1
  m_CastShadows: 1
  m_ReceiveShadows: 1
  m_DynamicOccludee: 1
  m_StaticShadowCaster: 0
  m_MotionVectors: 1
  m_LightProbeUsage: 1
  m_ReflectionProbeUsage: 1
  m_RayTracingMode: 2
  m_RayTraceProcedural: 0
  m_RenderingLayerMask: 1
  m_RendererPriority: 0
  m_Materials:
  - {fileID: 10303, guid: 0000000000000000f000000000000000, type: 0}
  m_StaticBatchInfo:
    firstSubMesh: 0
    subMeshCount: 0
  m_StaticBatchRoot: {fileID: 0}
  m_ProbeAnchor: {fileID: 0}
  m_LightProbeVolumeOverride: {fileID: 0}
  m_ScaleInLightmap: 1
  m_ReceiveGI: 1
  m_PreserveUVs: 0
  m_IgnoreNormalsForChartDetection: 0
  m_ImportantGI: 0
  m_StitchLightmapSeams: 1
  m_SelectedEditorRenderState: 3
  m_MinimumChartSize: 4
  m_AutoUVMaxDistance: 0.5
  m_AutoUVMaxAngle: 89
  m_LightmapParameters: {fileID: 0}
  m_SortingLayerID: 0
  m_SortingLayer: 0
  m_SortingOrder: 0
  m_AdditionalVertexStreams: {fileID: 0}
--- !u!1 &1538975468094254369
GameObject:
  m_ObjectHideFlags: 0
  m_CorrespondingSourceObject: {fileID: 0}
  m_PrefabInstance: {fileID: 0}
  m_PrefabAsset: {fileID: 0}
  serializedVersion: 6
  m_Component:
  - component: {fileID: 1258759726887168493}
  - component: {fileID: 2589470256546472259}
  - component: {fileID: 6653920948950176191}
  - component: {fileID: 229167938721987673}
  m_Layer: 0
  m_Name: Cube (2)
  m_TagString: Untagged
  m_Icon: {fileID: 0}
  m_NavMeshLayer: 0
  m_StaticEditorFlags: 0
  m_IsActive: 1
--- !u!4 &1258759726887168493
Transform:
  m_ObjectHideFlags: 0
  m_CorrespondingSourceObject: {fileID: 0}
  m_PrefabInstance: {fileID: 0}
  m_PrefabAsset: {fileID: 0}
  m_GameObject: {fileID: 1538975468094254369}
  m_LocalRotation: {x: -0, y: -0, z: -0.7071068, w: 0.7071068}
  m_LocalPosition: {x: -1.79, y: 0.338, z: 2.2877}
  m_LocalScale: {x: 3.529377, y: 0.10260001, z: 4.8305597}
  m_ConstrainProportionsScale: 0
  m_Children: []
  m_Father: {fileID: 2144214517226338426}
  m_RootOrder: 15
  m_LocalEulerAnglesHint: {x: 0, y: 0, z: 90}
--- !u!33 &2589470256546472259
MeshFilter:
  m_ObjectHideFlags: 0
  m_CorrespondingSourceObject: {fileID: 0}
  m_PrefabInstance: {fileID: 0}
  m_PrefabAsset: {fileID: 0}
  m_GameObject: {fileID: 1538975468094254369}
  m_Mesh: {fileID: 10202, guid: 0000000000000000e000000000000000, type: 0}
--- !u!23 &6653920948950176191
MeshRenderer:
  m_ObjectHideFlags: 0
  m_CorrespondingSourceObject: {fileID: 0}
  m_PrefabInstance: {fileID: 0}
  m_PrefabAsset: {fileID: 0}
  m_GameObject: {fileID: 1538975468094254369}
  m_Enabled: 1
  m_CastShadows: 1
  m_ReceiveShadows: 1
  m_DynamicOccludee: 1
  m_StaticShadowCaster: 0
  m_MotionVectors: 1
  m_LightProbeUsage: 1
  m_ReflectionProbeUsage: 1
  m_RayTracingMode: 2
  m_RayTraceProcedural: 0
  m_RenderingLayerMask: 1
  m_RendererPriority: 0
  m_Materials:
  - {fileID: 2100000, guid: 25473f844f9edf740bd4c1c4f48db9d9, type: 2}
  m_StaticBatchInfo:
    firstSubMesh: 0
    subMeshCount: 0
  m_StaticBatchRoot: {fileID: 0}
  m_ProbeAnchor: {fileID: 0}
  m_LightProbeVolumeOverride: {fileID: 0}
  m_ScaleInLightmap: 1
  m_ReceiveGI: 1
  m_PreserveUVs: 0
  m_IgnoreNormalsForChartDetection: 0
  m_ImportantGI: 0
  m_StitchLightmapSeams: 1
  m_SelectedEditorRenderState: 3
  m_MinimumChartSize: 4
  m_AutoUVMaxDistance: 0.5
  m_AutoUVMaxAngle: 89
  m_LightmapParameters: {fileID: 0}
  m_SortingLayerID: 0
  m_SortingLayer: 0
  m_SortingOrder: 0
  m_AdditionalVertexStreams: {fileID: 0}
--- !u!65 &229167938721987673
BoxCollider:
  m_ObjectHideFlags: 0
  m_CorrespondingSourceObject: {fileID: 0}
  m_PrefabInstance: {fileID: 0}
  m_PrefabAsset: {fileID: 0}
  m_GameObject: {fileID: 1538975468094254369}
  m_Material: {fileID: 0}
  m_IsTrigger: 0
  m_Enabled: 1
  serializedVersion: 2
  m_Size: {x: 1, y: 1, z: 1}
  m_Center: {x: 0, y: 0, z: 0}
--- !u!1 &2125177908812388294
GameObject:
  m_ObjectHideFlags: 0
  m_CorrespondingSourceObject: {fileID: 0}
  m_PrefabInstance: {fileID: 0}
  m_PrefabAsset: {fileID: 0}
  serializedVersion: 6
  m_Component:
  - component: {fileID: 7151198854768527061}
  - component: {fileID: 3209525613450387450}
  - component: {fileID: 8493172676540981708}
  m_Layer: 0
  m_Name: Line006
  m_TagString: Untagged
  m_Icon: {fileID: 0}
  m_NavMeshLayer: 0
  m_StaticEditorFlags: 0
  m_IsActive: 1
--- !u!4 &7151198854768527061
Transform:
  m_ObjectHideFlags: 0
  m_CorrespondingSourceObject: {fileID: 0}
  m_PrefabInstance: {fileID: 0}
  m_PrefabAsset: {fileID: 0}
  m_GameObject: {fileID: 2125177908812388294}
  m_LocalRotation: {x: 1, y: -0, z: 0, w: -0.00000016292068}
  m_LocalPosition: {x: -1.2396421, y: 0.0065446584, z: 0.16972297}
  m_LocalScale: {x: 0.673968, y: 0.673968, z: 0.673968}
  m_ConstrainProportionsScale: 0
  m_Children: []
  m_Father: {fileID: 7923492055296030156}
  m_RootOrder: 3
  m_LocalEulerAnglesHint: {x: 0, y: 0, z: 0}
--- !u!33 &3209525613450387450
MeshFilter:
  m_ObjectHideFlags: 0
  m_CorrespondingSourceObject: {fileID: 0}
  m_PrefabInstance: {fileID: 0}
  m_PrefabAsset: {fileID: 0}
  m_GameObject: {fileID: 2125177908812388294}
  m_Mesh: {fileID: -7332506622660098701, guid: 5e217ec608734c144b77cb44e541f90f, type: 3}
--- !u!23 &8493172676540981708
MeshRenderer:
  m_ObjectHideFlags: 0
  m_CorrespondingSourceObject: {fileID: 0}
  m_PrefabInstance: {fileID: 0}
  m_PrefabAsset: {fileID: 0}
  m_GameObject: {fileID: 2125177908812388294}
  m_Enabled: 1
  m_CastShadows: 1
  m_ReceiveShadows: 1
  m_DynamicOccludee: 1
  m_StaticShadowCaster: 0
  m_MotionVectors: 1
  m_LightProbeUsage: 1
  m_ReflectionProbeUsage: 1
  m_RayTracingMode: 2
  m_RayTraceProcedural: 0
  m_RenderingLayerMask: 1
  m_RendererPriority: 0
  m_Materials:
  - {fileID: 10303, guid: 0000000000000000f000000000000000, type: 0}
  m_StaticBatchInfo:
    firstSubMesh: 0
    subMeshCount: 0
  m_StaticBatchRoot: {fileID: 0}
  m_ProbeAnchor: {fileID: 0}
  m_LightProbeVolumeOverride: {fileID: 0}
  m_ScaleInLightmap: 1
  m_ReceiveGI: 1
  m_PreserveUVs: 0
  m_IgnoreNormalsForChartDetection: 0
  m_ImportantGI: 0
  m_StitchLightmapSeams: 1
  m_SelectedEditorRenderState: 3
  m_MinimumChartSize: 4
  m_AutoUVMaxDistance: 0.5
  m_AutoUVMaxAngle: 89
  m_LightmapParameters: {fileID: 0}
  m_SortingLayerID: 0
  m_SortingLayer: 0
  m_SortingOrder: 0
  m_AdditionalVertexStreams: {fileID: 0}
--- !u!1 &2144214517226338405
GameObject:
  m_ObjectHideFlags: 0
  m_CorrespondingSourceObject: {fileID: 0}
  m_PrefabInstance: {fileID: 0}
  m_PrefabAsset: {fileID: 0}
  serializedVersion: 6
  m_Component:
  - component: {fileID: 2144214517226338426}
  m_Layer: 0
  m_Name: WC-WOMAN
  m_TagString: Untagged
  m_Icon: {fileID: 0}
  m_NavMeshLayer: 0
  m_StaticEditorFlags: 2147483647
  m_IsActive: 1
--- !u!4 &2144214517226338426
Transform:
  m_ObjectHideFlags: 0
  m_CorrespondingSourceObject: {fileID: 0}
  m_PrefabInstance: {fileID: 0}
  m_PrefabAsset: {fileID: 0}
  m_GameObject: {fileID: 2144214517226338405}
  m_LocalRotation: {x: 0.7071068, y: 0, z: 0.7071068, w: 0}
  m_LocalPosition: {x: 1.6, y: 10.07, z: 2.1}
  m_LocalScale: {x: 0.4, y: 0.4, z: 0.4}
  m_ConstrainProportionsScale: 0
  m_Children:
  - {fileID: 1894747444599687829}
  - {fileID: 1894747445243317793}
  - {fileID: 1894747444980146392}
  - {fileID: 2144214517430189905}
  - {fileID: 8420537256180048962}
  - {fileID: 4362473851156840253}
  - {fileID: 3560035839595771794}
  - {fileID: 4520856560061828376}
  - {fileID: 3593300299417186851}
  - {fileID: 8975079144509683128}
  - {fileID: 8659717044404185380}
  - {fileID: 1608631827151411997}
  - {fileID: 5873982513031822606}
  - {fileID: 4096248652413198181}
  - {fileID: 136676188112753161}
  - {fileID: 1258759726887168493}
  - {fileID: 4743596005092508536}
  - {fileID: 7923492055296030156}
  - {fileID: 3757687527325372783}
  m_Father: {fileID: 0}
  m_RootOrder: 0
  m_LocalEulerAnglesHint: {x: 0, y: 90, z: 180}
--- !u!1 &2144214517430189904
GameObject:
  m_ObjectHideFlags: 0
  m_CorrespondingSourceObject: {fileID: 0}
  m_PrefabInstance: {fileID: 0}
  m_PrefabAsset: {fileID: 0}
  serializedVersion: 6
  m_Component:
  - component: {fileID: 2144214517430189905}
  - component: {fileID: 2144214517430189908}
  - component: {fileID: 2144214517430189911}
  - component: {fileID: 2144214517430189910}
  m_Layer: 0
  m_Name: MaiChe
  m_TagString: Untagged
  m_Icon: {fileID: 0}
  m_NavMeshLayer: 0
  m_StaticEditorFlags: 2147483647
  m_IsActive: 1
--- !u!4 &2144214517430189905
Transform:
  m_ObjectHideFlags: 0
  m_CorrespondingSourceObject: {fileID: 0}
  m_PrefabInstance: {fileID: 0}
  m_PrefabAsset: {fileID: 0}
  m_GameObject: {fileID: 2144214517430189904}
  m_LocalRotation: {x: -0, y: -0, z: -0, w: 1}
  m_LocalPosition: {x: 0.195, y: -1.41, z: 2.3069}
  m_LocalScale: {x: 3.9925644, y: 0.1, z: 4.8040147}
  m_ConstrainProportionsScale: 0
  m_Children: []
  m_Father: {fileID: 2144214517226338426}
  m_RootOrder: 3
  m_LocalEulerAnglesHint: {x: 0, y: 0, z: 0}
--- !u!33 &2144214517430189908
MeshFilter:
  m_ObjectHideFlags: 0
  m_CorrespondingSourceObject: {fileID: 0}
  m_PrefabInstance: {fileID: 0}
  m_PrefabAsset: {fileID: 0}
  m_GameObject: {fileID: 2144214517430189904}
  m_Mesh: {fileID: 10202, guid: 0000000000000000e000000000000000, type: 0}
--- !u!23 &2144214517430189911
MeshRenderer:
  m_ObjectHideFlags: 0
  m_CorrespondingSourceObject: {fileID: 0}
  m_PrefabInstance: {fileID: 0}
  m_PrefabAsset: {fileID: 0}
  m_GameObject: {fileID: 2144214517430189904}
  m_Enabled: 1
  m_CastShadows: 1
  m_ReceiveShadows: 1
  m_DynamicOccludee: 1
  m_StaticShadowCaster: 0
  m_MotionVectors: 1
  m_LightProbeUsage: 1
  m_ReflectionProbeUsage: 1
  m_RayTracingMode: 2
  m_RayTraceProcedural: 0
  m_RenderingLayerMask: 1
  m_RendererPriority: 0
  m_Materials:
  - {fileID: 10303, guid: 0000000000000000f000000000000000, type: 0}
  m_StaticBatchInfo:
    firstSubMesh: 0
    subMeshCount: 0
  m_StaticBatchRoot: {fileID: 0}
  m_ProbeAnchor: {fileID: 0}
  m_LightProbeVolumeOverride: {fileID: 0}
  m_ScaleInLightmap: 1
  m_ReceiveGI: 1
  m_PreserveUVs: 0
  m_IgnoreNormalsForChartDetection: 0
  m_ImportantGI: 0
  m_StitchLightmapSeams: 1
  m_SelectedEditorRenderState: 3
  m_MinimumChartSize: 4
  m_AutoUVMaxDistance: 0.5
  m_AutoUVMaxAngle: 89
  m_LightmapParameters: {fileID: 0}
  m_SortingLayerID: 0
  m_SortingLayer: 0
  m_SortingOrder: 0
  m_AdditionalVertexStreams: {fileID: 0}
--- !u!65 &2144214517430189910
BoxCollider:
  m_ObjectHideFlags: 0
  m_CorrespondingSourceObject: {fileID: 0}
  m_PrefabInstance: {fileID: 0}
  m_PrefabAsset: {fileID: 0}
  m_GameObject: {fileID: 2144214517430189904}
  m_Material: {fileID: 0}
  m_IsTrigger: 0
  m_Enabled: 1
  serializedVersion: 2
  m_Size: {x: 1, y: 1, z: 1}
  m_Center: {x: 0, y: 0, z: 0}
--- !u!1 &3779092208159804048
GameObject:
  m_ObjectHideFlags: 0
  m_CorrespondingSourceObject: {fileID: 0}
  m_PrefabInstance: {fileID: 0}
  m_PrefabAsset: {fileID: 0}
  serializedVersion: 6
  m_Component:
  - component: {fileID: 136676188112753161}
  - component: {fileID: 9053231240022738870}
  - component: {fileID: 7952400506659994296}
  - component: {fileID: 7932615525343727177}
  m_Layer: 0
  m_Name: San
  m_TagString: Untagged
  m_Icon: {fileID: 0}
  m_NavMeshLayer: 0
  m_StaticEditorFlags: 0
  m_IsActive: 1
--- !u!4 &136676188112753161
Transform:
  m_ObjectHideFlags: 0
  m_CorrespondingSourceObject: {fileID: 0}
  m_PrefabInstance: {fileID: 0}
  m_PrefabAsset: {fileID: 0}
  m_GameObject: {fileID: 3779092208159804048}
  m_LocalRotation: {x: -0, y: -0, z: -1, w: 0}
  m_LocalPosition: {x: 0.22000003, y: 2.0500002, z: 2.2864}
  m_LocalScale: {x: 3.9521499, y: 0.1026, z: 4.8330097}
  m_ConstrainProportionsScale: 0
  m_Children: []
  m_Father: {fileID: 2144214517226338426}
  m_RootOrder: 14
  m_LocalEulerAnglesHint: {x: 0, y: 0, z: 0}
--- !u!33 &9053231240022738870
MeshFilter:
  m_ObjectHideFlags: 0
  m_CorrespondingSourceObject: {fileID: 0}
  m_PrefabInstance: {fileID: 0}
  m_PrefabAsset: {fileID: 0}
  m_GameObject: {fileID: 3779092208159804048}
  m_Mesh: {fileID: 10202, guid: 0000000000000000e000000000000000, type: 0}
--- !u!23 &7952400506659994296
MeshRenderer:
  m_ObjectHideFlags: 0
  m_CorrespondingSourceObject: {fileID: 0}
  m_PrefabInstance: {fileID: 0}
  m_PrefabAsset: {fileID: 0}
  m_GameObject: {fileID: 3779092208159804048}
  m_Enabled: 1
  m_CastShadows: 1
  m_ReceiveShadows: 1
  m_DynamicOccludee: 1
  m_StaticShadowCaster: 0
  m_MotionVectors: 1
  m_LightProbeUsage: 1
  m_ReflectionProbeUsage: 1
  m_RayTracingMode: 2
  m_RayTraceProcedural: 0
  m_RenderingLayerMask: 1
  m_RendererPriority: 0
  m_Materials:
  - {fileID: 2100000, guid: cb677880fdeb224469b73e664d0ab8de, type: 2}
  m_StaticBatchInfo:
    firstSubMesh: 0
    subMeshCount: 0
  m_StaticBatchRoot: {fileID: 0}
  m_ProbeAnchor: {fileID: 0}
  m_LightProbeVolumeOverride: {fileID: 0}
  m_ScaleInLightmap: 1
  m_ReceiveGI: 1
  m_PreserveUVs: 0
  m_IgnoreNormalsForChartDetection: 0
  m_ImportantGI: 0
  m_StitchLightmapSeams: 1
  m_SelectedEditorRenderState: 3
  m_MinimumChartSize: 4
  m_AutoUVMaxDistance: 0.5
  m_AutoUVMaxAngle: 89
  m_LightmapParameters: {fileID: 0}
  m_SortingLayerID: 0
  m_SortingLayer: 0
  m_SortingOrder: 0
  m_AdditionalVertexStreams: {fileID: 0}
--- !u!65 &7932615525343727177
BoxCollider:
  m_ObjectHideFlags: 0
  m_CorrespondingSourceObject: {fileID: 0}
  m_PrefabInstance: {fileID: 0}
  m_PrefabAsset: {fileID: 0}
  m_GameObject: {fileID: 3779092208159804048}
  m_Material: {fileID: 0}
  m_IsTrigger: 0
  m_Enabled: 1
  serializedVersion: 2
  m_Size: {x: 1, y: 1, z: 1}
  m_Center: {x: 0, y: 0, z: 0}
--- !u!1 &4086096370869311770
GameObject:
  m_ObjectHideFlags: 0
  m_CorrespondingSourceObject: {fileID: 0}
  m_PrefabInstance: {fileID: 0}
  m_PrefabAsset: {fileID: 0}
  serializedVersion: 6
  m_Component:
  - component: {fileID: 5873982513031822606}
  - component: {fileID: 5760069798497736024}
  - component: {fileID: 6415237378282237956}
  - component: {fileID: 5335243734091811044}
  m_Layer: 0
  m_Name: Cube (4)
  m_TagString: Untagged
  m_Icon: {fileID: 0}
  m_NavMeshLayer: 0
  m_StaticEditorFlags: 0
  m_IsActive: 1
--- !u!4 &5873982513031822606
Transform:
  m_ObjectHideFlags: 0
  m_CorrespondingSourceObject: {fileID: 0}
  m_PrefabInstance: {fileID: 0}
  m_PrefabAsset: {fileID: 0}
  m_GameObject: {fileID: 4086096370869311770}
  m_LocalRotation: {x: -0, y: -0, z: -0.7071068, w: 0.7071068}
  m_LocalPosition: {x: 2.16, y: 0.9432001, z: 2.9738}
  m_LocalScale: {x: 2.3182697, y: 0.102600016, z: 3.4582}
  m_ConstrainProportionsScale: 0
  m_Children: []
  m_Father: {fileID: 2144214517226338426}
  m_RootOrder: 12
  m_LocalEulerAnglesHint: {x: 0, y: 0, z: 90}
--- !u!33 &5760069798497736024
MeshFilter:
  m_ObjectHideFlags: 0
  m_CorrespondingSourceObject: {fileID: 0}
  m_PrefabInstance: {fileID: 0}
  m_PrefabAsset: {fileID: 0}
  m_GameObject: {fileID: 4086096370869311770}
  m_Mesh: {fileID: 10202, guid: 0000000000000000e000000000000000, type: 0}
--- !u!23 &6415237378282237956
MeshRenderer:
  m_ObjectHideFlags: 0
  m_CorrespondingSourceObject: {fileID: 0}
  m_PrefabInstance: {fileID: 0}
  m_PrefabAsset: {fileID: 0}
  m_GameObject: {fileID: 4086096370869311770}
  m_Enabled: 1
  m_CastShadows: 1
  m_ReceiveShadows: 1
  m_DynamicOccludee: 1
  m_StaticShadowCaster: 0
  m_MotionVectors: 1
  m_LightProbeUsage: 1
  m_ReflectionProbeUsage: 1
  m_RayTracingMode: 2
  m_RayTraceProcedural: 0
  m_RenderingLayerMask: 1
  m_RendererPriority: 0
  m_Materials:
  - {fileID: 2100000, guid: 25473f844f9edf740bd4c1c4f48db9d9, type: 2}
  m_StaticBatchInfo:
    firstSubMesh: 0
    subMeshCount: 0
  m_StaticBatchRoot: {fileID: 0}
  m_ProbeAnchor: {fileID: 0}
  m_LightProbeVolumeOverride: {fileID: 0}
  m_ScaleInLightmap: 1
  m_ReceiveGI: 1
  m_PreserveUVs: 0
  m_IgnoreNormalsForChartDetection: 0
  m_ImportantGI: 0
  m_StitchLightmapSeams: 1
  m_SelectedEditorRenderState: 3
  m_MinimumChartSize: 4
  m_AutoUVMaxDistance: 0.5
  m_AutoUVMaxAngle: 89
  m_LightmapParameters: {fileID: 0}
  m_SortingLayerID: 0
  m_SortingLayer: 0
  m_SortingOrder: 0
  m_AdditionalVertexStreams: {fileID: 0}
--- !u!65 &5335243734091811044
BoxCollider:
  m_ObjectHideFlags: 0
  m_CorrespondingSourceObject: {fileID: 0}
  m_PrefabInstance: {fileID: 0}
  m_PrefabAsset: {fileID: 0}
  m_GameObject: {fileID: 4086096370869311770}
  m_Material: {fileID: 0}
  m_IsTrigger: 0
  m_Enabled: 1
  serializedVersion: 2
  m_Size: {x: 1, y: 1, z: 1}
  m_Center: {x: 0, y: 0, z: 0}
--- !u!1 &5336908068465727496
GameObject:
  m_ObjectHideFlags: 0
  m_CorrespondingSourceObject: {fileID: 0}
  m_PrefabInstance: {fileID: 0}
  m_PrefabAsset: {fileID: 0}
  serializedVersion: 6
  m_Component:
  - component: {fileID: 4743596005092508536}
  - component: {fileID: 6292159480787873743}
  - component: {fileID: 494453907819114261}
  - component: {fileID: 6603850036188238834}
  m_Layer: 0
  m_Name: Cube (1)
  m_TagString: Untagged
  m_Icon: {fileID: 0}
  m_NavMeshLayer: 0
  m_StaticEditorFlags: 0
  m_IsActive: 1
--- !u!4 &4743596005092508536
Transform:
  m_ObjectHideFlags: 0
  m_CorrespondingSourceObject: {fileID: 0}
  m_PrefabInstance: {fileID: 0}
  m_PrefabAsset: {fileID: 0}
  m_GameObject: {fileID: 5336908068465727496}
  m_LocalRotation: {x: 0.5, y: -0.5, z: -0.5, w: 0.5}
  m_LocalPosition: {x: 0.19, y: 0.353, z: 4.7300005}
  m_LocalScale: {x: 3.4992054, y: 0.1026, z: 3.8204598}
  m_ConstrainProportionsScale: 0
  m_Children: []
  m_Father: {fileID: 2144214517226338426}
  m_RootOrder: 16
  m_LocalEulerAnglesHint: {x: 0, y: 90, z: 90}
--- !u!33 &6292159480787873743
MeshFilter:
  m_ObjectHideFlags: 0
  m_CorrespondingSourceObject: {fileID: 0}
  m_PrefabInstance: {fileID: 0}
  m_PrefabAsset: {fileID: 0}
  m_GameObject: {fileID: 5336908068465727496}
  m_Mesh: {fileID: 10202, guid: 0000000000000000e000000000000000, type: 0}
--- !u!23 &494453907819114261
MeshRenderer:
  m_ObjectHideFlags: 0
  m_CorrespondingSourceObject: {fileID: 0}
  m_PrefabInstance: {fileID: 0}
  m_PrefabAsset: {fileID: 0}
  m_GameObject: {fileID: 5336908068465727496}
  m_Enabled: 1
  m_CastShadows: 1
  m_ReceiveShadows: 1
  m_DynamicOccludee: 1
  m_StaticShadowCaster: 0
  m_MotionVectors: 1
  m_LightProbeUsage: 1
  m_ReflectionProbeUsage: 1
  m_RayTracingMode: 2
  m_RayTraceProcedural: 0
  m_RenderingLayerMask: 1
  m_RendererPriority: 0
  m_Materials:
  - {fileID: 10303, guid: 0000000000000000f000000000000000, type: 0}
  m_StaticBatchInfo:
    firstSubMesh: 0
    subMeshCount: 0
  m_StaticBatchRoot: {fileID: 0}
  m_ProbeAnchor: {fileID: 0}
  m_LightProbeVolumeOverride: {fileID: 0}
  m_ScaleInLightmap: 1
  m_ReceiveGI: 1
  m_PreserveUVs: 0
  m_IgnoreNormalsForChartDetection: 0
  m_ImportantGI: 0
  m_StitchLightmapSeams: 1
  m_SelectedEditorRenderState: 3
  m_MinimumChartSize: 4
  m_AutoUVMaxDistance: 0.5
  m_AutoUVMaxAngle: 89
  m_LightmapParameters: {fileID: 0}
  m_SortingLayerID: 0
  m_SortingLayer: 0
  m_SortingOrder: 0
  m_AdditionalVertexStreams: {fileID: 0}
--- !u!65 &6603850036188238834
BoxCollider:
  m_ObjectHideFlags: 0
  m_CorrespondingSourceObject: {fileID: 0}
  m_PrefabInstance: {fileID: 0}
  m_PrefabAsset: {fileID: 0}
  m_GameObject: {fileID: 5336908068465727496}
  m_Material: {fileID: 0}
  m_IsTrigger: 0
  m_Enabled: 1
  serializedVersion: 2
  m_Size: {x: 1, y: 1, z: 1}
  m_Center: {x: 0, y: 0, z: 0}
--- !u!1 &5605399539204995715
GameObject:
  m_ObjectHideFlags: 0
  m_CorrespondingSourceObject: {fileID: 0}
  m_PrefabInstance: {fileID: 0}
  m_PrefabAsset: {fileID: 0}
  serializedVersion: 6
  m_Component:
  - component: {fileID: 4096248652413198181}
  - component: {fileID: 5809367004666338224}
  - component: {fileID: 1569190004673428948}
  - component: {fileID: 7292607585668682363}
  m_Layer: 0
  m_Name: Cube (5)
  m_TagString: Untagged
  m_Icon: {fileID: 0}
  m_NavMeshLayer: 0
  m_StaticEditorFlags: 0
  m_IsActive: 1
--- !u!4 &4096248652413198181
Transform:
  m_ObjectHideFlags: 0
  m_CorrespondingSourceObject: {fileID: 0}
  m_PrefabInstance: {fileID: 0}
  m_PrefabAsset: {fileID: 0}
  m_GameObject: {fileID: 5605399539204995715}
  m_LocalRotation: {x: 0.5, y: -0.5, z: -0.5, w: 0.5}
  m_LocalPosition: {x: 1.5760001, y: 0.334, z: 1.1930001}
  m_LocalScale: {x: 3.5355334, y: 0.1026, z: 1.31019}
  m_ConstrainProportionsScale: 0
  m_Children: []
  m_Father: {fileID: 2144214517226338426}
  m_RootOrder: 13
  m_LocalEulerAnglesHint: {x: 0, y: 90, z: 90}
--- !u!33 &5809367004666338224
MeshFilter:
  m_ObjectHideFlags: 0
  m_CorrespondingSourceObject: {fileID: 0}
  m_PrefabInstance: {fileID: 0}
  m_PrefabAsset: {fileID: 0}
  m_GameObject: {fileID: 5605399539204995715}
  m_Mesh: {fileID: 10202, guid: 0000000000000000e000000000000000, type: 0}
--- !u!23 &1569190004673428948
MeshRenderer:
  m_ObjectHideFlags: 0
  m_CorrespondingSourceObject: {fileID: 0}
  m_PrefabInstance: {fileID: 0}
  m_PrefabAsset: {fileID: 0}
  m_GameObject: {fileID: 5605399539204995715}
  m_Enabled: 1
  m_CastShadows: 1
  m_ReceiveShadows: 1
  m_DynamicOccludee: 1
  m_StaticShadowCaster: 0
  m_MotionVectors: 1
  m_LightProbeUsage: 1
  m_ReflectionProbeUsage: 1
  m_RayTracingMode: 2
  m_RayTraceProcedural: 0
  m_RenderingLayerMask: 1
  m_RendererPriority: 0
  m_Materials:
  - {fileID: 2100000, guid: 709447c6132fe494c81c6fc8c6d1bc01, type: 2}
  m_StaticBatchInfo:
    firstSubMesh: 0
    subMeshCount: 0
  m_StaticBatchRoot: {fileID: 0}
  m_ProbeAnchor: {fileID: 0}
  m_LightProbeVolumeOverride: {fileID: 0}
  m_ScaleInLightmap: 1
  m_ReceiveGI: 1
  m_PreserveUVs: 0
  m_IgnoreNormalsForChartDetection: 0
  m_ImportantGI: 0
  m_StitchLightmapSeams: 1
  m_SelectedEditorRenderState: 3
  m_MinimumChartSize: 4
  m_AutoUVMaxDistance: 0.5
  m_AutoUVMaxAngle: 89
  m_LightmapParameters: {fileID: 0}
  m_SortingLayerID: 0
  m_SortingLayer: 0
  m_SortingOrder: 0
  m_AdditionalVertexStreams: {fileID: 0}
--- !u!65 &7292607585668682363
BoxCollider:
  m_ObjectHideFlags: 0
  m_CorrespondingSourceObject: {fileID: 0}
  m_PrefabInstance: {fileID: 0}
  m_PrefabAsset: {fileID: 0}
  m_GameObject: {fileID: 5605399539204995715}
  m_Material: {fileID: 0}
  m_IsTrigger: 0
  m_Enabled: 1
  serializedVersion: 2
  m_Size: {x: 1, y: 1, z: 1}
  m_Center: {x: 0, y: 0, z: 0}
--- !u!1 &6340576955930426435
GameObject:
  m_ObjectHideFlags: 0
  m_CorrespondingSourceObject: {fileID: 0}
  m_PrefabInstance: {fileID: 0}
  m_PrefabAsset: {fileID: 0}
  serializedVersion: 6
  m_Component:
  - component: {fileID: 3757687527325372783}
  - component: {fileID: 502040614239178622}
  - component: {fileID: 4743014016378948898}
  - component: {fileID: 8133723683196128133}
  m_Layer: 0
  m_Name: Cube
  m_TagString: Untagged
  m_Icon: {fileID: 0}
  m_NavMeshLayer: 0
  m_StaticEditorFlags: 0
  m_IsActive: 1
--- !u!4 &3757687527325372783
Transform:
  m_ObjectHideFlags: 0
  m_CorrespondingSourceObject: {fileID: 0}
  m_PrefabInstance: {fileID: 0}
  m_PrefabAsset: {fileID: 0}
  m_GameObject: {fileID: 6340576955930426435}
  m_LocalRotation: {x: 0, y: 0, z: 0, w: 1}
  m_LocalPosition: {x: -1.116, y: 1.501, z: 0.814}
  m_LocalScale: {x: 0.06922579, y: 1.0571802, z: 1.8179564}
  m_ConstrainProportionsScale: 0
  m_Children: []
  m_Father: {fileID: 2144214517226338426}
  m_RootOrder: 18
  m_LocalEulerAnglesHint: {x: 0, y: 0, z: 0}
--- !u!33 &502040614239178622
MeshFilter:
  m_ObjectHideFlags: 0
  m_CorrespondingSourceObject: {fileID: 0}
  m_PrefabInstance: {fileID: 0}
  m_PrefabAsset: {fileID: 0}
  m_GameObject: {fileID: 6340576955930426435}
  m_Mesh: {fileID: 10202, guid: 0000000000000000e000000000000000, type: 0}
--- !u!23 &4743014016378948898
MeshRenderer:
  m_ObjectHideFlags: 0
  m_CorrespondingSourceObject: {fileID: 0}
  m_PrefabInstance: {fileID: 0}
  m_PrefabAsset: {fileID: 0}
  m_GameObject: {fileID: 6340576955930426435}
  m_Enabled: 1
  m_CastShadows: 1
  m_ReceiveShadows: 1
  m_DynamicOccludee: 1
  m_StaticShadowCaster: 0
  m_MotionVectors: 1
  m_LightProbeUsage: 1
  m_ReflectionProbeUsage: 1
  m_RayTracingMode: 2
  m_RayTraceProcedural: 0
  m_RenderingLayerMask: 1
  m_RendererPriority: 0
  m_Materials:
  - {fileID: 10303, guid: 0000000000000000f000000000000000, type: 0}
  m_StaticBatchInfo:
    firstSubMesh: 0
    subMeshCount: 0
  m_StaticBatchRoot: {fileID: 0}
  m_ProbeAnchor: {fileID: 0}
  m_LightProbeVolumeOverride: {fileID: 0}
  m_ScaleInLightmap: 1
  m_ReceiveGI: 1
  m_PreserveUVs: 0
  m_IgnoreNormalsForChartDetection: 0
  m_ImportantGI: 0
  m_StitchLightmapSeams: 1
  m_SelectedEditorRenderState: 3
  m_MinimumChartSize: 4
  m_AutoUVMaxDistance: 0.5
  m_AutoUVMaxAngle: 89
  m_LightmapParameters: {fileID: 0}
  m_SortingLayerID: 0
  m_SortingLayer: 0
  m_SortingOrder: 0
  m_AdditionalVertexStreams: {fileID: 0}
--- !u!65 &8133723683196128133
BoxCollider:
  m_ObjectHideFlags: 0
  m_CorrespondingSourceObject: {fileID: 0}
  m_PrefabInstance: {fileID: 0}
  m_PrefabAsset: {fileID: 0}
  m_GameObject: {fileID: 6340576955930426435}
  m_Material: {fileID: 0}
  m_IsTrigger: 0
  m_Enabled: 1
  serializedVersion: 2
  m_Size: {x: 1, y: 1, z: 1}
  m_Center: {x: 0, y: 0, z: 0}
--- !u!1 &6678773790582065584
GameObject:
  m_ObjectHideFlags: 0
  m_CorrespondingSourceObject: {fileID: 0}
  m_PrefabInstance: {fileID: 0}
  m_PrefabAsset: {fileID: 0}
  serializedVersion: 6
  m_Component:
  - component: {fileID: 1608631827151411997}
  - component: {fileID: 1556288682993999749}
  - component: {fileID: 5448509863727870727}
  - component: {fileID: 6597963575471570282}
  m_Layer: 0
  m_Name: Cube (3)
  m_TagString: Untagged
  m_Icon: {fileID: 0}
  m_NavMeshLayer: 0
  m_StaticEditorFlags: 0
  m_IsActive: 1
--- !u!4 &1608631827151411997
Transform:
  m_ObjectHideFlags: 0
  m_CorrespondingSourceObject: {fileID: 0}
  m_PrefabInstance: {fileID: 0}
  m_PrefabAsset: {fileID: 0}
  m_GameObject: {fileID: 6678773790582065584}
  m_LocalRotation: {x: 0.5, y: -0.5, z: -0.5, w: 0.5}
  m_LocalPosition: {x: -0.3739, y: 0.321, z: -0.11}
  m_LocalScale: {x: 3.5638468, y: 0.1026, z: 2.7896497}
  m_ConstrainProportionsScale: 0
  m_Children: []
  m_Father: {fileID: 2144214517226338426}
  m_RootOrder: 11
  m_LocalEulerAnglesHint: {x: 0, y: 90, z: 90}
--- !u!33 &1556288682993999749
MeshFilter:
  m_ObjectHideFlags: 0
  m_CorrespondingSourceObject: {fileID: 0}
  m_PrefabInstance: {fileID: 0}
  m_PrefabAsset: {fileID: 0}
  m_GameObject: {fileID: 6678773790582065584}
  m_Mesh: {fileID: 10202, guid: 0000000000000000e000000000000000, type: 0}
--- !u!23 &5448509863727870727
MeshRenderer:
  m_ObjectHideFlags: 0
  m_CorrespondingSourceObject: {fileID: 0}
  m_PrefabInstance: {fileID: 0}
  m_PrefabAsset: {fileID: 0}
  m_GameObject: {fileID: 6678773790582065584}
  m_Enabled: 1
  m_CastShadows: 1
  m_ReceiveShadows: 1
  m_DynamicOccludee: 1
  m_StaticShadowCaster: 0
  m_MotionVectors: 1
  m_LightProbeUsage: 1
  m_ReflectionProbeUsage: 1
  m_RayTracingMode: 2
  m_RayTraceProcedural: 0
  m_RenderingLayerMask: 1
  m_RendererPriority: 0
  m_Materials:
  - {fileID: 2100000, guid: 709447c6132fe494c81c6fc8c6d1bc01, type: 2}
  m_StaticBatchInfo:
    firstSubMesh: 0
    subMeshCount: 0
  m_StaticBatchRoot: {fileID: 0}
  m_ProbeAnchor: {fileID: 0}
  m_LightProbeVolumeOverride: {fileID: 0}
  m_ScaleInLightmap: 1
  m_ReceiveGI: 1
  m_PreserveUVs: 0
  m_IgnoreNormalsForChartDetection: 0
  m_ImportantGI: 0
  m_StitchLightmapSeams: 1
  m_SelectedEditorRenderState: 3
  m_MinimumChartSize: 4
  m_AutoUVMaxDistance: 0.5
  m_AutoUVMaxAngle: 89
  m_LightmapParameters: {fileID: 0}
  m_SortingLayerID: 0
  m_SortingLayer: 0
  m_SortingOrder: 0
  m_AdditionalVertexStreams: {fileID: 0}
--- !u!65 &6597963575471570282
BoxCollider:
  m_ObjectHideFlags: 0
  m_CorrespondingSourceObject: {fileID: 0}
  m_PrefabInstance: {fileID: 0}
  m_PrefabAsset: {fileID: 0}
  m_GameObject: {fileID: 6678773790582065584}
  m_Material: {fileID: 0}
  m_IsTrigger: 0
  m_Enabled: 1
  serializedVersion: 2
  m_Size: {x: 1, y: 1, z: 1}
  m_Center: {x: 0, y: 0, z: 0}
--- !u!1 &6841837465931883505
GameObject:
  m_ObjectHideFlags: 0
  m_CorrespondingSourceObject: {fileID: 0}
  m_PrefabInstance: {fileID: 0}
  m_PrefabAsset: {fileID: 0}
  serializedVersion: 6
  m_Component:
  - component: {fileID: 3842492692830136077}
  - component: {fileID: 3327747339492523277}
  - component: {fileID: 6339434484179661614}
  m_Layer: 0
  m_Name: Box047
  m_TagString: Untagged
  m_Icon: {fileID: 0}
  m_NavMeshLayer: 0
  m_StaticEditorFlags: 0
  m_IsActive: 1
--- !u!4 &3842492692830136077
Transform:
  m_ObjectHideFlags: 0
  m_CorrespondingSourceObject: {fileID: 0}
  m_PrefabInstance: {fileID: 0}
  m_PrefabAsset: {fileID: 0}
  m_GameObject: {fileID: 6841837465931883505}
  m_LocalRotation: {x: 0.7071068, y: 0, z: -0, w: 0.7071067}
  m_LocalPosition: {x: 1.468115, y: -0.07851225, z: 2.352}
  m_LocalScale: {x: 0.7876898, y: 1.625003, z: 1}
  m_ConstrainProportionsScale: 0
  m_Children: []
  m_Father: {fileID: 7923492055296030156}
  m_RootOrder: 0
  m_LocalEulerAnglesHint: {x: 0, y: 0, z: 0}
--- !u!33 &3327747339492523277
MeshFilter:
  m_ObjectHideFlags: 0
  m_CorrespondingSourceObject: {fileID: 0}
  m_PrefabInstance: {fileID: 0}
  m_PrefabAsset: {fileID: 0}
  m_GameObject: {fileID: 6841837465931883505}
  m_Mesh: {fileID: 347013164166513179, guid: 5e217ec608734c144b77cb44e541f90f, type: 3}
--- !u!23 &6339434484179661614
MeshRenderer:
  m_ObjectHideFlags: 0
  m_CorrespondingSourceObject: {fileID: 0}
  m_PrefabInstance: {fileID: 0}
  m_PrefabAsset: {fileID: 0}
  m_GameObject: {fileID: 6841837465931883505}
  m_Enabled: 1
  m_CastShadows: 1
  m_ReceiveShadows: 1
  m_DynamicOccludee: 1
  m_StaticShadowCaster: 0
  m_MotionVectors: 1
  m_LightProbeUsage: 1
  m_ReflectionProbeUsage: 1
  m_RayTracingMode: 2
  m_RayTraceProcedural: 0
  m_RenderingLayerMask: 1
  m_RendererPriority: 0
  m_Materials:
  - {fileID: 10303, guid: 0000000000000000f000000000000000, type: 0}
  m_StaticBatchInfo:
    firstSubMesh: 0
    subMeshCount: 0
  m_StaticBatchRoot: {fileID: 0}
  m_ProbeAnchor: {fileID: 0}
  m_LightProbeVolumeOverride: {fileID: 0}
  m_ScaleInLightmap: 1
  m_ReceiveGI: 1
  m_PreserveUVs: 0
  m_IgnoreNormalsForChartDetection: 0
  m_ImportantGI: 0
  m_StitchLightmapSeams: 1
  m_SelectedEditorRenderState: 3
  m_MinimumChartSize: 4
  m_AutoUVMaxDistance: 0.5
  m_AutoUVMaxAngle: 89
  m_LightmapParameters: {fileID: 0}
  m_SortingLayerID: 0
  m_SortingLayer: 0
  m_SortingOrder: 0
  m_AdditionalVertexStreams: {fileID: 0}
--- !u!1 &7814129136209311971
GameObject:
  m_ObjectHideFlags: 0
  m_CorrespondingSourceObject: {fileID: 0}
  m_PrefabInstance: {fileID: 0}
  m_PrefabAsset: {fileID: 0}
  serializedVersion: 6
  m_Component:
  - component: {fileID: 7923492055296030156}
  m_Layer: 0
  m_Name: CuaTrai (1)
  m_TagString: Untagged
  m_Icon: {fileID: 0}
  m_NavMeshLayer: 0
  m_StaticEditorFlags: 0
  m_IsActive: 1
--- !u!4 &7923492055296030156
Transform:
  m_ObjectHideFlags: 0
  m_CorrespondingSourceObject: {fileID: 0}
  m_PrefabInstance: {fileID: 0}
  m_PrefabAsset: {fileID: 0}
  m_GameObject: {fileID: 7814129136209311971}
  m_LocalRotation: {x: -0.5, y: 0.5, z: -0.5, w: -0.5}
  m_LocalPosition: {x: 1.007, y: 0.954, z: 0.52}
  m_LocalScale: {x: 0.43999997, y: 0.20000005, z: 0.28}
  m_ConstrainProportionsScale: 0
  m_Children:
  - {fileID: 3842492692830136077}
  - {fileID: 7026609577533435315}
  - {fileID: 149114050555143640}
  - {fileID: 7151198854768527061}
  m_Father: {fileID: 2144214517226338426}
  m_RootOrder: 17
  m_LocalEulerAnglesHint: {x: -90, y: -90, z: 0}
--- !u!1 &8599531170999346585
GameObject:
  m_ObjectHideFlags: 0
  m_CorrespondingSourceObject: {fileID: 0}
  m_PrefabInstance: {fileID: 0}
  m_PrefabAsset: {fileID: 0}
  serializedVersion: 6
  m_Component:
  - component: {fileID: 8975079144509683128}
  - component: {fileID: 5006287160583319294}
  - component: {fileID: 8729097336353204398}
  - component: {fileID: 6731378551729873261}
  m_Layer: 0
  m_Name: Cube (6)
  m_TagString: Untagged
  m_Icon: {fileID: 0}
  m_NavMeshLayer: 0
  m_StaticEditorFlags: 0
  m_IsActive: 1
--- !u!4 &8975079144509683128
Transform:
  m_ObjectHideFlags: 0
  m_CorrespondingSourceObject: {fileID: 0}
  m_PrefabInstance: {fileID: 0}
  m_PrefabAsset: {fileID: 0}
  m_GameObject: {fileID: 8599531170999346585}
  m_LocalRotation: {x: -0, y: -0, z: -0.7071068, w: 0.7071068}
  m_LocalPosition: {x: 2.1100001, y: 0.322, z: 2.9738}
  m_LocalScale: {x: 3.5619774, y: 0.102600016, z: 3.4582}
  m_ConstrainProportionsScale: 0
  m_Children: []
  m_Father: {fileID: 2144214517226338426}
  m_RootOrder: 9
  m_LocalEulerAnglesHint: {x: 0, y: 0, z: 90}
--- !u!33 &5006287160583319294
MeshFilter:
  m_ObjectHideFlags: 0
  m_CorrespondingSourceObject: {fileID: 0}
  m_PrefabInstance: {fileID: 0}
  m_PrefabAsset: {fileID: 0}
  m_GameObject: {fileID: 8599531170999346585}
  m_Mesh: {fileID: 10202, guid: 0000000000000000e000000000000000, type: 0}
--- !u!23 &8729097336353204398
MeshRenderer:
  m_ObjectHideFlags: 0
  m_CorrespondingSourceObject: {fileID: 0}
  m_PrefabInstance: {fileID: 0}
  m_PrefabAsset: {fileID: 0}
  m_GameObject: {fileID: 8599531170999346585}
  m_Enabled: 1
  m_CastShadows: 1
  m_ReceiveShadows: 1
  m_DynamicOccludee: 1
  m_StaticShadowCaster: 0
  m_MotionVectors: 1
  m_LightProbeUsage: 1
  m_ReflectionProbeUsage: 1
  m_RayTracingMode: 2
  m_RayTraceProcedural: 0
  m_RenderingLayerMask: 1
  m_RendererPriority: 0
  m_Materials:
  - {fileID: 2100000, guid: 25473f844f9edf740bd4c1c4f48db9d9, type: 2}
  m_StaticBatchInfo:
    firstSubMesh: 0
    subMeshCount: 0
  m_StaticBatchRoot: {fileID: 0}
  m_ProbeAnchor: {fileID: 0}
  m_LightProbeVolumeOverride: {fileID: 0}
  m_ScaleInLightmap: 1
  m_ReceiveGI: 1
  m_PreserveUVs: 0
  m_IgnoreNormalsForChartDetection: 0
  m_ImportantGI: 0
  m_StitchLightmapSeams: 1
  m_SelectedEditorRenderState: 3
  m_MinimumChartSize: 4
  m_AutoUVMaxDistance: 0.5
  m_AutoUVMaxAngle: 89
  m_LightmapParameters: {fileID: 0}
  m_SortingLayerID: 0
  m_SortingLayer: 0
  m_SortingOrder: 0
  m_AdditionalVertexStreams: {fileID: 0}
--- !u!65 &6731378551729873261
BoxCollider:
  m_ObjectHideFlags: 0
  m_CorrespondingSourceObject: {fileID: 0}
  m_PrefabInstance: {fileID: 0}
  m_PrefabAsset: {fileID: 0}
  m_GameObject: {fileID: 8599531170999346585}
  m_Material: {fileID: 0}
  m_IsTrigger: 0
  m_Enabled: 1
  serializedVersion: 2
  m_Size: {x: 1, y: 1, z: 1}
  m_Center: {x: 0, y: 0, z: 0}
--- !u!1001 &2144214517577673162
PrefabInstance:
  m_ObjectHideFlags: 0
  serializedVersion: 2
  m_Modification:
    m_TransformParent: {fileID: 2144214517226338426}
    m_Modifications:
    - target: {fileID: -8679921383154817045, guid: 30b3b379838473b45a8fea2b58901856, type: 3}
      propertyPath: m_RootOrder
      value: 1
      objectReference: {fileID: 0}
    - target: {fileID: -8679921383154817045, guid: 30b3b379838473b45a8fea2b58901856, type: 3}
      propertyPath: m_LocalScale.x
      value: 0.022
      objectReference: {fileID: 0}
    - target: {fileID: -8679921383154817045, guid: 30b3b379838473b45a8fea2b58901856, type: 3}
      propertyPath: m_LocalScale.y
      value: 0.03
      objectReference: {fileID: 0}
    - target: {fileID: -8679921383154817045, guid: 30b3b379838473b45a8fea2b58901856, type: 3}
      propertyPath: m_LocalScale.z
      value: 0.035
      objectReference: {fileID: 0}
    - target: {fileID: -8679921383154817045, guid: 30b3b379838473b45a8fea2b58901856, type: 3}
      propertyPath: m_LocalPosition.x
      value: -0.919
      objectReference: {fileID: 0}
    - target: {fileID: -8679921383154817045, guid: 30b3b379838473b45a8fea2b58901856, type: 3}
      propertyPath: m_LocalPosition.y
      value: 1.324
      objectReference: {fileID: 0}
    - target: {fileID: -8679921383154817045, guid: 30b3b379838473b45a8fea2b58901856, type: 3}
      propertyPath: m_LocalPosition.z
      value: 2.096
      objectReference: {fileID: 0}
    - target: {fileID: -8679921383154817045, guid: 30b3b379838473b45a8fea2b58901856, type: 3}
      propertyPath: m_LocalRotation.w
      value: 0.5
      objectReference: {fileID: 0}
    - target: {fileID: -8679921383154817045, guid: 30b3b379838473b45a8fea2b58901856, type: 3}
      propertyPath: m_LocalRotation.x
      value: 0.5
      objectReference: {fileID: 0}
    - target: {fileID: -8679921383154817045, guid: 30b3b379838473b45a8fea2b58901856, type: 3}
      propertyPath: m_LocalRotation.y
      value: -0.5
      objectReference: {fileID: 0}
    - target: {fileID: -8679921383154817045, guid: 30b3b379838473b45a8fea2b58901856, type: 3}
      propertyPath: m_LocalRotation.z
      value: 0.5
      objectReference: {fileID: 0}
    - target: {fileID: -8679921383154817045, guid: 30b3b379838473b45a8fea2b58901856, type: 3}
      propertyPath: m_LocalEulerAnglesHint.x
      value: 90
      objectReference: {fileID: 0}
    - target: {fileID: -8679921383154817045, guid: 30b3b379838473b45a8fea2b58901856, type: 3}
      propertyPath: m_LocalEulerAnglesHint.y
      value: 0
      objectReference: {fileID: 0}
    - target: {fileID: -8679921383154817045, guid: 30b3b379838473b45a8fea2b58901856, type: 3}
      propertyPath: m_LocalEulerAnglesHint.z
      value: 90
      objectReference: {fileID: 0}
    - target: {fileID: -511310931620521848, guid: 30b3b379838473b45a8fea2b58901856, type: 3}
      propertyPath: m_LocalPosition.x
      value: -5.3
      objectReference: {fileID: 0}
    - target: {fileID: -511310931620521848, guid: 30b3b379838473b45a8fea2b58901856, type: 3}
      propertyPath: m_LocalPosition.y
      value: 11.4
      objectReference: {fileID: 0}
    - target: {fileID: 919132149155446097, guid: 30b3b379838473b45a8fea2b58901856, type: 3}
      propertyPath: m_Name
      value: 10778_Toilet_V2
      objectReference: {fileID: 0}
    - target: {fileID: 919132149155446097, guid: 30b3b379838473b45a8fea2b58901856, type: 3}
      propertyPath: m_StaticEditorFlags
      value: 2147483647
      objectReference: {fileID: 0}
    - target: {fileID: 7742780737561719692, guid: 30b3b379838473b45a8fea2b58901856, type: 3}
      propertyPath: m_StaticEditorFlags
      value: 2147483647
      objectReference: {fileID: 0}
    m_RemovedComponents: []
  m_SourcePrefab: {fileID: 100100000, guid: 30b3b379838473b45a8fea2b58901856, type: 3}
--- !u!4 &1894747445243317793 stripped
Transform:
  m_CorrespondingSourceObject: {fileID: -8679921383154817045, guid: 30b3b379838473b45a8fea2b58901856, type: 3}
  m_PrefabInstance: {fileID: 2144214517577673162}
  m_PrefabAsset: {fileID: 0}
--- !u!1001 &2144214517866006323
PrefabInstance:
  m_ObjectHideFlags: 0
  serializedVersion: 2
  m_Modification:
    m_TransformParent: {fileID: 2144214517226338426}
    m_Modifications:
    - target: {fileID: -8679921383154817045, guid: 30b3b379838473b45a8fea2b58901856, type: 3}
      propertyPath: m_RootOrder
      value: 2
      objectReference: {fileID: 0}
    - target: {fileID: -8679921383154817045, guid: 30b3b379838473b45a8fea2b58901856, type: 3}
      propertyPath: m_LocalScale.x
      value: 0.022
      objectReference: {fileID: 0}
    - target: {fileID: -8679921383154817045, guid: 30b3b379838473b45a8fea2b58901856, type: 3}
      propertyPath: m_LocalScale.y
      value: 0.03
      objectReference: {fileID: 0}
    - target: {fileID: -8679921383154817045, guid: 30b3b379838473b45a8fea2b58901856, type: 3}
      propertyPath: m_LocalScale.z
      value: 0.035
      objectReference: {fileID: 0}
    - target: {fileID: -8679921383154817045, guid: 30b3b379838473b45a8fea2b58901856, type: 3}
      propertyPath: m_LocalPosition.x
      value: -0.919
      objectReference: {fileID: 0}
    - target: {fileID: -8679921383154817045, guid: 30b3b379838473b45a8fea2b58901856, type: 3}
      propertyPath: m_LocalPosition.y
      value: 1.324
      objectReference: {fileID: 0}
    - target: {fileID: -8679921383154817045, guid: 30b3b379838473b45a8fea2b58901856, type: 3}
      propertyPath: m_LocalPosition.z
      value: 4.062
      objectReference: {fileID: 0}
    - target: {fileID: -8679921383154817045, guid: 30b3b379838473b45a8fea2b58901856, type: 3}
      propertyPath: m_LocalRotation.w
      value: 0.5
      objectReference: {fileID: 0}
    - target: {fileID: -8679921383154817045, guid: 30b3b379838473b45a8fea2b58901856, type: 3}
      propertyPath: m_LocalRotation.x
      value: 0.5
      objectReference: {fileID: 0}
    - target: {fileID: -8679921383154817045, guid: 30b3b379838473b45a8fea2b58901856, type: 3}
      propertyPath: m_LocalRotation.y
      value: -0.5
      objectReference: {fileID: 0}
    - target: {fileID: -8679921383154817045, guid: 30b3b379838473b45a8fea2b58901856, type: 3}
      propertyPath: m_LocalRotation.z
      value: 0.5
      objectReference: {fileID: 0}
    - target: {fileID: -8679921383154817045, guid: 30b3b379838473b45a8fea2b58901856, type: 3}
      propertyPath: m_LocalEulerAnglesHint.x
      value: 90
      objectReference: {fileID: 0}
    - target: {fileID: -8679921383154817045, guid: 30b3b379838473b45a8fea2b58901856, type: 3}
      propertyPath: m_LocalEulerAnglesHint.y
      value: 0
      objectReference: {fileID: 0}
    - target: {fileID: -8679921383154817045, guid: 30b3b379838473b45a8fea2b58901856, type: 3}
      propertyPath: m_LocalEulerAnglesHint.z
      value: 90
      objectReference: {fileID: 0}
    - target: {fileID: -511310931620521848, guid: 30b3b379838473b45a8fea2b58901856, type: 3}
      propertyPath: m_LocalPosition.x
      value: 0.5
      objectReference: {fileID: 0}
    - target: {fileID: -511310931620521848, guid: 30b3b379838473b45a8fea2b58901856, type: 3}
      propertyPath: m_LocalPosition.y
      value: 11.4
      objectReference: {fileID: 0}
    - target: {fileID: 919132149155446097, guid: 30b3b379838473b45a8fea2b58901856, type: 3}
      propertyPath: m_Name
      value: 10778_Toilet_V2 (1)
      objectReference: {fileID: 0}
    - target: {fileID: 919132149155446097, guid: 30b3b379838473b45a8fea2b58901856, type: 3}
      propertyPath: m_StaticEditorFlags
      value: 2147483647
      objectReference: {fileID: 0}
    - target: {fileID: 7742780737561719692, guid: 30b3b379838473b45a8fea2b58901856, type: 3}
      propertyPath: m_StaticEditorFlags
      value: 2147483647
      objectReference: {fileID: 0}
    m_RemovedComponents: []
  m_SourcePrefab: {fileID: 100100000, guid: 30b3b379838473b45a8fea2b58901856, type: 3}
--- !u!4 &1894747444980146392 stripped
Transform:
  m_CorrespondingSourceObject: {fileID: -8679921383154817045, guid: 30b3b379838473b45a8fea2b58901856, type: 3}
  m_PrefabInstance: {fileID: 2144214517866006323}
  m_PrefabAsset: {fileID: 0}
--- !u!1001 &2144214518221041022
PrefabInstance:
  m_ObjectHideFlags: 0
  serializedVersion: 2
  m_Modification:
    m_TransformParent: {fileID: 2144214517226338426}
    m_Modifications:
    - target: {fileID: -8679921383154817045, guid: 30b3b379838473b45a8fea2b58901856, type: 3}
      propertyPath: m_RootOrder
      value: 0
      objectReference: {fileID: 0}
    - target: {fileID: -8679921383154817045, guid: 30b3b379838473b45a8fea2b58901856, type: 3}
      propertyPath: m_LocalScale.x
      value: 0.022
      objectReference: {fileID: 0}
    - target: {fileID: -8679921383154817045, guid: 30b3b379838473b45a8fea2b58901856, type: 3}
      propertyPath: m_LocalScale.y
      value: 0.03
      objectReference: {fileID: 0}
    - target: {fileID: -8679921383154817045, guid: 30b3b379838473b45a8fea2b58901856, type: 3}
      propertyPath: m_LocalScale.z
      value: 0.035
      objectReference: {fileID: 0}
    - target: {fileID: -8679921383154817045, guid: 30b3b379838473b45a8fea2b58901856, type: 3}
      propertyPath: m_LocalPosition.x
      value: -0.919
      objectReference: {fileID: 0}
    - target: {fileID: -8679921383154817045, guid: 30b3b379838473b45a8fea2b58901856, type: 3}
      propertyPath: m_LocalPosition.y
      value: 1.324
      objectReference: {fileID: 0}
    - target: {fileID: -8679921383154817045, guid: 30b3b379838473b45a8fea2b58901856, type: 3}
      propertyPath: m_LocalPosition.z
      value: 3.049
      objectReference: {fileID: 0}
    - target: {fileID: -8679921383154817045, guid: 30b3b379838473b45a8fea2b58901856, type: 3}
      propertyPath: m_LocalRotation.w
      value: 0.5
      objectReference: {fileID: 0}
    - target: {fileID: -8679921383154817045, guid: 30b3b379838473b45a8fea2b58901856, type: 3}
      propertyPath: m_LocalRotation.x
      value: 0.5
      objectReference: {fileID: 0}
    - target: {fileID: -8679921383154817045, guid: 30b3b379838473b45a8fea2b58901856, type: 3}
      propertyPath: m_LocalRotation.y
      value: -0.5
      objectReference: {fileID: 0}
    - target: {fileID: -8679921383154817045, guid: 30b3b379838473b45a8fea2b58901856, type: 3}
      propertyPath: m_LocalRotation.z
      value: 0.5
      objectReference: {fileID: 0}
    - target: {fileID: -8679921383154817045, guid: 30b3b379838473b45a8fea2b58901856, type: 3}
      propertyPath: m_LocalEulerAnglesHint.x
      value: 90
      objectReference: {fileID: 0}
    - target: {fileID: -8679921383154817045, guid: 30b3b379838473b45a8fea2b58901856, type: 3}
      propertyPath: m_LocalEulerAnglesHint.y
      value: 0
      objectReference: {fileID: 0}
    - target: {fileID: -8679921383154817045, guid: 30b3b379838473b45a8fea2b58901856, type: 3}
      propertyPath: m_LocalEulerAnglesHint.z
      value: 90
      objectReference: {fileID: 0}
    - target: {fileID: -511310931620521848, guid: 30b3b379838473b45a8fea2b58901856, type: 3}
      propertyPath: m_LocalPosition.y
      value: 11.8
      objectReference: {fileID: 0}
    - target: {fileID: 919132149155446097, guid: 30b3b379838473b45a8fea2b58901856, type: 3}
      propertyPath: m_Name
      value: 10778_Toilet_V2 (2)
      objectReference: {fileID: 0}
    - target: {fileID: 919132149155446097, guid: 30b3b379838473b45a8fea2b58901856, type: 3}
      propertyPath: m_StaticEditorFlags
      value: 2147483647
      objectReference: {fileID: 0}
    - target: {fileID: 7742780737561719692, guid: 30b3b379838473b45a8fea2b58901856, type: 3}
      propertyPath: m_StaticEditorFlags
      value: 2147483647
      objectReference: {fileID: 0}
    m_RemovedComponents: []
  m_SourcePrefab: {fileID: 100100000, guid: 30b3b379838473b45a8fea2b58901856, type: 3}
--- !u!4 &1894747444599687829 stripped
Transform:
  m_CorrespondingSourceObject: {fileID: -8679921383154817045, guid: 30b3b379838473b45a8fea2b58901856, type: 3}
  m_PrefabInstance: {fileID: 2144214518221041022}
  m_PrefabAsset: {fileID: 0}
--- !u!1001 &3915685163399222728
PrefabInstance:
  m_ObjectHideFlags: 0
  serializedVersion: 2
  m_Modification:
    m_TransformParent: {fileID: 2144214517226338426}
    m_Modifications:
    - target: {fileID: -8679921383154817045, guid: 892e5168ee3b0f34297903cd8538b741, type: 3}
      propertyPath: m_RootOrder
      value: 8
      objectReference: {fileID: 0}
    - target: {fileID: -8679921383154817045, guid: 892e5168ee3b0f34297903cd8538b741, type: 3}
      propertyPath: m_LocalPosition.x
      value: -1.314
      objectReference: {fileID: 0}
    - target: {fileID: -8679921383154817045, guid: 892e5168ee3b0f34297903cd8538b741, type: 3}
      propertyPath: m_LocalPosition.y
      value: 1.6
      objectReference: {fileID: 0}
    - target: {fileID: -8679921383154817045, guid: 892e5168ee3b0f34297903cd8538b741, type: 3}
      propertyPath: m_LocalPosition.z
      value: 0.771
      objectReference: {fileID: 0}
    - target: {fileID: -8679921383154817045, guid: 892e5168ee3b0f34297903cd8538b741, type: 3}
      propertyPath: m_LocalRotation.w
      value: 0
      objectReference: {fileID: 0}
    - target: {fileID: -8679921383154817045, guid: 892e5168ee3b0f34297903cd8538b741, type: 3}
      propertyPath: m_LocalRotation.x
      value: 0.7071068
      objectReference: {fileID: 0}
    - target: {fileID: -8679921383154817045, guid: 892e5168ee3b0f34297903cd8538b741, type: 3}
      propertyPath: m_LocalRotation.y
      value: 0
      objectReference: {fileID: 0}
    - target: {fileID: -8679921383154817045, guid: 892e5168ee3b0f34297903cd8538b741, type: 3}
      propertyPath: m_LocalRotation.z
      value: 0.7071068
      objectReference: {fileID: 0}
    - target: {fileID: -8679921383154817045, guid: 892e5168ee3b0f34297903cd8538b741, type: 3}
      propertyPath: m_LocalEulerAnglesHint.x
      value: 0
      objectReference: {fileID: 0}
    - target: {fileID: -8679921383154817045, guid: 892e5168ee3b0f34297903cd8538b741, type: 3}
      propertyPath: m_LocalEulerAnglesHint.y
      value: 90
      objectReference: {fileID: 0}
    - target: {fileID: -8679921383154817045, guid: 892e5168ee3b0f34297903cd8538b741, type: 3}
      propertyPath: m_LocalEulerAnglesHint.z
      value: 180
      objectReference: {fileID: 0}
    - target: {fileID: 919132149155446097, guid: 892e5168ee3b0f34297903cd8538b741, type: 3}
      propertyPath: m_Name
      value: PhanTrenChauRua
      objectReference: {fileID: 0}
    m_RemovedComponents: []
  m_SourcePrefab: {fileID: 100100000, guid: 892e5168ee3b0f34297903cd8538b741, type: 3}
--- !u!4 &3593300299417186851 stripped
Transform:
  m_CorrespondingSourceObject: {fileID: -8679921383154817045, guid: 892e5168ee3b0f34297903cd8538b741, type: 3}
  m_PrefabInstance: {fileID: 3915685163399222728}
  m_PrefabAsset: {fileID: 0}
--- !u!1001 &3957943645524365433
PrefabInstance:
  m_ObjectHideFlags: 0
  serializedVersion: 2
  m_Modification:
    m_TransformParent: {fileID: 2144214517226338426}
    m_Modifications:
    - target: {fileID: -8679921383154817045, guid: 8940f55759a3f3446b0fa35118b24fd7, type: 3}
      propertyPath: m_RootOrder
      value: 6
      objectReference: {fileID: 0}
    - target: {fileID: -8679921383154817045, guid: 8940f55759a3f3446b0fa35118b24fd7, type: 3}
      propertyPath: m_LocalScale.x
      value: 1.2
      objectReference: {fileID: 0}
    - target: {fileID: -8679921383154817045, guid: 8940f55759a3f3446b0fa35118b24fd7, type: 3}
      propertyPath: m_LocalScale.y
      value: 1.5
      objectReference: {fileID: 0}
    - target: {fileID: -8679921383154817045, guid: 8940f55759a3f3446b0fa35118b24fd7, type: 3}
      propertyPath: m_LocalScale.z
      value: 0.9
      objectReference: {fileID: 0}
    - target: {fileID: -8679921383154817045, guid: 8940f55759a3f3446b0fa35118b24fd7, type: 3}
      propertyPath: m_LocalPosition.x
      value: -1.1120002
      objectReference: {fileID: 0}
    - target: {fileID: -8679921383154817045, guid: 8940f55759a3f3446b0fa35118b24fd7, type: 3}
      propertyPath: m_LocalPosition.y
      value: 1.992
      objectReference: {fileID: 0}
    - target: {fileID: -8679921383154817045, guid: 8940f55759a3f3446b0fa35118b24fd7, type: 3}
      propertyPath: m_LocalPosition.z
      value: 2.122
      objectReference: {fileID: 0}
    - target: {fileID: -8679921383154817045, guid: 8940f55759a3f3446b0fa35118b24fd7, type: 3}
      propertyPath: m_LocalRotation.w
      value: 0
      objectReference: {fileID: 0}
    - target: {fileID: -8679921383154817045, guid: 8940f55759a3f3446b0fa35118b24fd7, type: 3}
      propertyPath: m_LocalRotation.x
      value: 0.7071068
      objectReference: {fileID: 0}
    - target: {fileID: -8679921383154817045, guid: 8940f55759a3f3446b0fa35118b24fd7, type: 3}
      propertyPath: m_LocalRotation.y
      value: -0
      objectReference: {fileID: 0}
    - target: {fileID: -8679921383154817045, guid: 8940f55759a3f3446b0fa35118b24fd7, type: 3}
      propertyPath: m_LocalRotation.z
      value: -0.7071068
      objectReference: {fileID: 0}
    - target: {fileID: -8679921383154817045, guid: 8940f55759a3f3446b0fa35118b24fd7, type: 3}
      propertyPath: m_LocalEulerAnglesHint.x
      value: 0
      objectReference: {fileID: 0}
    - target: {fileID: -8679921383154817045, guid: 8940f55759a3f3446b0fa35118b24fd7, type: 3}
      propertyPath: m_LocalEulerAnglesHint.y
      value: 90
      objectReference: {fileID: 0}
    - target: {fileID: -8679921383154817045, guid: 8940f55759a3f3446b0fa35118b24fd7, type: 3}
      propertyPath: m_LocalEulerAnglesHint.z
      value: 0
      objectReference: {fileID: 0}
    - target: {fileID: -8462709953001013040, guid: 8940f55759a3f3446b0fa35118b24fd7, type: 3}
      propertyPath: m_StaticEditorFlags
      value: 2147483647
      objectReference: {fileID: 0}
    - target: {fileID: -8084033944509488881, guid: 8940f55759a3f3446b0fa35118b24fd7, type: 3}
      propertyPath: m_StaticEditorFlags
      value: 2147483647
      objectReference: {fileID: 0}
    - target: {fileID: -7862391691550088030, guid: 8940f55759a3f3446b0fa35118b24fd7, type: 3}
      propertyPath: m_StaticEditorFlags
      value: 2147483647
      objectReference: {fileID: 0}
    - target: {fileID: -7639331209684527813, guid: 8940f55759a3f3446b0fa35118b24fd7, type: 3}
      propertyPath: m_StaticEditorFlags
      value: 2147483647
      objectReference: {fileID: 0}
    - target: {fileID: -5921505478000457673, guid: 8940f55759a3f3446b0fa35118b24fd7, type: 3}
      propertyPath: m_StaticEditorFlags
      value: 2147483647
      objectReference: {fileID: 0}
    - target: {fileID: -5780950928546885950, guid: 8940f55759a3f3446b0fa35118b24fd7, type: 3}
      propertyPath: m_StaticEditorFlags
      value: 2147483647
      objectReference: {fileID: 0}
    - target: {fileID: -5525249646320217000, guid: 8940f55759a3f3446b0fa35118b24fd7, type: 3}
      propertyPath: m_StaticEditorFlags
      value: 2147483647
      objectReference: {fileID: 0}
    - target: {fileID: -5494517347539682338, guid: 8940f55759a3f3446b0fa35118b24fd7, type: 3}
      propertyPath: m_StaticEditorFlags
      value: 2147483647
      objectReference: {fileID: 0}
    - target: {fileID: -5457669278126058004, guid: 8940f55759a3f3446b0fa35118b24fd7, type: 3}
      propertyPath: m_StaticEditorFlags
      value: 2147483647
      objectReference: {fileID: 0}
    - target: {fileID: -5090531447627580993, guid: 8940f55759a3f3446b0fa35118b24fd7, type: 3}
      propertyPath: m_StaticEditorFlags
      value: 2147483647
      objectReference: {fileID: 0}
    - target: {fileID: -4658881790374725516, guid: 8940f55759a3f3446b0fa35118b24fd7, type: 3}
      propertyPath: m_StaticEditorFlags
      value: 2147483647
      objectReference: {fileID: 0}
    - target: {fileID: -3566161465161724425, guid: 8940f55759a3f3446b0fa35118b24fd7, type: 3}
      propertyPath: m_StaticEditorFlags
      value: 2147483647
      objectReference: {fileID: 0}
    - target: {fileID: -3068240195741245191, guid: 8940f55759a3f3446b0fa35118b24fd7, type: 3}
      propertyPath: m_StaticEditorFlags
      value: 2147483647
      objectReference: {fileID: 0}
    - target: {fileID: -1916899210259106318, guid: 8940f55759a3f3446b0fa35118b24fd7, type: 3}
      propertyPath: m_StaticEditorFlags
      value: 2147483647
      objectReference: {fileID: 0}
    - target: {fileID: -1450400270514423276, guid: 8940f55759a3f3446b0fa35118b24fd7, type: 3}
      propertyPath: m_StaticEditorFlags
      value: 2147483647
      objectReference: {fileID: 0}
    - target: {fileID: -1138941984392502341, guid: 8940f55759a3f3446b0fa35118b24fd7, type: 3}
      propertyPath: m_StaticEditorFlags
      value: 2147483647
      objectReference: {fileID: 0}
    - target: {fileID: 52361805505633545, guid: 8940f55759a3f3446b0fa35118b24fd7, type: 3}
      propertyPath: m_StaticEditorFlags
      value: 2147483647
      objectReference: {fileID: 0}
    - target: {fileID: 601941165156881537, guid: 8940f55759a3f3446b0fa35118b24fd7, type: 3}
      propertyPath: m_StaticEditorFlags
      value: 2147483647
      objectReference: {fileID: 0}
    - target: {fileID: 919132149155446097, guid: 8940f55759a3f3446b0fa35118b24fd7, type: 3}
      propertyPath: m_Name
      value: NhaVeSinh (2)
      objectReference: {fileID: 0}
    - target: {fileID: 919132149155446097, guid: 8940f55759a3f3446b0fa35118b24fd7, type: 3}
      propertyPath: m_StaticEditorFlags
      value: 2147483647
      objectReference: {fileID: 0}
    - target: {fileID: 994085286933097443, guid: 8940f55759a3f3446b0fa35118b24fd7, type: 3}
      propertyPath: m_StaticEditorFlags
      value: 2147483647
      objectReference: {fileID: 0}
    - target: {fileID: 6152013724912818185, guid: 8940f55759a3f3446b0fa35118b24fd7, type: 3}
      propertyPath: m_StaticEditorFlags
      value: 2147483647
      objectReference: {fileID: 0}
    - target: {fileID: 6771772229779705346, guid: 8940f55759a3f3446b0fa35118b24fd7, type: 3}
      propertyPath: m_StaticEditorFlags
      value: 2147483647
      objectReference: {fileID: 0}
    - target: {fileID: 7487518098670330387, guid: 8940f55759a3f3446b0fa35118b24fd7, type: 3}
      propertyPath: m_StaticEditorFlags
      value: 2147483647
      objectReference: {fileID: 0}
    - target: {fileID: 7672424614771305636, guid: 8940f55759a3f3446b0fa35118b24fd7, type: 3}
      propertyPath: m_StaticEditorFlags
      value: 2147483647
      objectReference: {fileID: 0}
    - target: {fileID: 7742780737561719692, guid: 8940f55759a3f3446b0fa35118b24fd7, type: 3}
      propertyPath: m_StaticEditorFlags
      value: 2147483647
      objectReference: {fileID: 0}
    - target: {fileID: 8164078558771037576, guid: 8940f55759a3f3446b0fa35118b24fd7, type: 3}
      propertyPath: m_StaticEditorFlags
      value: 2147483647
      objectReference: {fileID: 0}
    - target: {fileID: 8344109066494739902, guid: 8940f55759a3f3446b0fa35118b24fd7, type: 3}
      propertyPath: m_StaticEditorFlags
      value: 2147483647
      objectReference: {fileID: 0}
    - target: {fileID: 8365168192904467795, guid: 8940f55759a3f3446b0fa35118b24fd7, type: 3}
      propertyPath: m_StaticEditorFlags
      value: 2147483647
      objectReference: {fileID: 0}
    m_RemovedComponents: []
  m_SourcePrefab: {fileID: 100100000, guid: 8940f55759a3f3446b0fa35118b24fd7, type: 3}
--- !u!4 &3560035839595771794 stripped
Transform:
  m_CorrespondingSourceObject: {fileID: -8679921383154817045, guid: 8940f55759a3f3446b0fa35118b24fd7, type: 3}
  m_PrefabInstance: {fileID: 3957943645524365433}
  m_PrefabAsset: {fileID: 0}
--- !u!1001 &4123034926528834291
PrefabInstance:
  m_ObjectHideFlags: 0
  serializedVersion: 2
  m_Modification:
    m_TransformParent: {fileID: 2144214517226338426}
    m_Modifications:
    - target: {fileID: -8679921383154817045, guid: acf45065d9925724eab9296bce29f8c2, type: 3}
      propertyPath: m_RootOrder
      value: 7
      objectReference: {fileID: 0}
    - target: {fileID: -8679921383154817045, guid: acf45065d9925724eab9296bce29f8c2, type: 3}
      propertyPath: m_LocalPosition.x
      value: -1.45
      objectReference: {fileID: 0}
    - target: {fileID: -8679921383154817045, guid: acf45065d9925724eab9296bce29f8c2, type: 3}
      propertyPath: m_LocalPosition.y
      value: 2
      objectReference: {fileID: 0}
    - target: {fileID: -8679921383154817045, guid: acf45065d9925724eab9296bce29f8c2, type: 3}
      propertyPath: m_LocalPosition.z
      value: 0
      objectReference: {fileID: 0}
    - target: {fileID: -8679921383154817045, guid: acf45065d9925724eab9296bce29f8c2, type: 3}
      propertyPath: m_LocalRotation.w
      value: 1
      objectReference: {fileID: 0}
    - target: {fileID: -8679921383154817045, guid: acf45065d9925724eab9296bce29f8c2, type: 3}
      propertyPath: m_LocalRotation.x
      value: 0
      objectReference: {fileID: 0}
    - target: {fileID: -8679921383154817045, guid: acf45065d9925724eab9296bce29f8c2, type: 3}
      propertyPath: m_LocalRotation.y
      value: 0
      objectReference: {fileID: 0}
    - target: {fileID: -8679921383154817045, guid: acf45065d9925724eab9296bce29f8c2, type: 3}
      propertyPath: m_LocalRotation.z
      value: 0
      objectReference: {fileID: 0}
    - target: {fileID: -8679921383154817045, guid: acf45065d9925724eab9296bce29f8c2, type: 3}
      propertyPath: m_LocalEulerAnglesHint.x
      value: 0
      objectReference: {fileID: 0}
    - target: {fileID: -8679921383154817045, guid: acf45065d9925724eab9296bce29f8c2, type: 3}
      propertyPath: m_LocalEulerAnglesHint.y
      value: 0
      objectReference: {fileID: 0}
    - target: {fileID: -8679921383154817045, guid: acf45065d9925724eab9296bce29f8c2, type: 3}
      propertyPath: m_LocalEulerAnglesHint.z
      value: 0
      objectReference: {fileID: 0}
    - target: {fileID: 919132149155446097, guid: acf45065d9925724eab9296bce29f8c2, type: 3}
      propertyPath: m_Name
      value: BeMATWC2
      objectReference: {fileID: 0}
    m_RemovedComponents: []
  m_SourcePrefab: {fileID: 100100000, guid: acf45065d9925724eab9296bce29f8c2, type: 3}
--- !u!4 &4520856560061828376 stripped
Transform:
  m_CorrespondingSourceObject: {fileID: -8679921383154817045, guid: acf45065d9925724eab9296bce29f8c2, type: 3}
  m_PrefabInstance: {fileID: 4123034926528834291}
  m_PrefabAsset: {fileID: 0}
--- !u!1001 &4251441649917319382
PrefabInstance:
  m_ObjectHideFlags: 0
  serializedVersion: 2
  m_Modification:
    m_TransformParent: {fileID: 2144214517226338426}
    m_Modifications:
    - target: {fileID: -8679921383154817045, guid: 8940f55759a3f3446b0fa35118b24fd7, type: 3}
      propertyPath: m_RootOrder
      value: 5
      objectReference: {fileID: 0}
    - target: {fileID: -8679921383154817045, guid: 8940f55759a3f3446b0fa35118b24fd7, type: 3}
      propertyPath: m_LocalScale.x
      value: 1.2
      objectReference: {fileID: 0}
    - target: {fileID: -8679921383154817045, guid: 8940f55759a3f3446b0fa35118b24fd7, type: 3}
      propertyPath: m_LocalScale.y
      value: 1.5
      objectReference: {fileID: 0}
    - target: {fileID: -8679921383154817045, guid: 8940f55759a3f3446b0fa35118b24fd7, type: 3}
      propertyPath: m_LocalScale.z
      value: 0.9
      objectReference: {fileID: 0}
    - target: {fileID: -8679921383154817045, guid: 8940f55759a3f3446b0fa35118b24fd7, type: 3}
      propertyPath: m_LocalPosition.x
      value: -1.1120002
      objectReference: {fileID: 0}
    - target: {fileID: -8679921383154817045, guid: 8940f55759a3f3446b0fa35118b24fd7, type: 3}
      propertyPath: m_LocalPosition.y
      value: 1.992
      objectReference: {fileID: 0}
    - target: {fileID: -8679921383154817045, guid: 8940f55759a3f3446b0fa35118b24fd7, type: 3}
      propertyPath: m_LocalPosition.z
      value: 3.173
      objectReference: {fileID: 0}
    - target: {fileID: -8679921383154817045, guid: 8940f55759a3f3446b0fa35118b24fd7, type: 3}
      propertyPath: m_LocalRotation.w
      value: 0
      objectReference: {fileID: 0}
    - target: {fileID: -8679921383154817045, guid: 8940f55759a3f3446b0fa35118b24fd7, type: 3}
      propertyPath: m_LocalRotation.x
      value: 0.7071068
      objectReference: {fileID: 0}
    - target: {fileID: -8679921383154817045, guid: 8940f55759a3f3446b0fa35118b24fd7, type: 3}
      propertyPath: m_LocalRotation.y
      value: -0
      objectReference: {fileID: 0}
    - target: {fileID: -8679921383154817045, guid: 8940f55759a3f3446b0fa35118b24fd7, type: 3}
      propertyPath: m_LocalRotation.z
      value: -0.7071068
      objectReference: {fileID: 0}
    - target: {fileID: -8679921383154817045, guid: 8940f55759a3f3446b0fa35118b24fd7, type: 3}
      propertyPath: m_LocalEulerAnglesHint.x
      value: 0
      objectReference: {fileID: 0}
    - target: {fileID: -8679921383154817045, guid: 8940f55759a3f3446b0fa35118b24fd7, type: 3}
      propertyPath: m_LocalEulerAnglesHint.y
      value: 90
      objectReference: {fileID: 0}
    - target: {fileID: -8679921383154817045, guid: 8940f55759a3f3446b0fa35118b24fd7, type: 3}
      propertyPath: m_LocalEulerAnglesHint.z
      value: 0
      objectReference: {fileID: 0}
    - target: {fileID: -8462709953001013040, guid: 8940f55759a3f3446b0fa35118b24fd7, type: 3}
      propertyPath: m_StaticEditorFlags
      value: 2147483647
      objectReference: {fileID: 0}
    - target: {fileID: -8084033944509488881, guid: 8940f55759a3f3446b0fa35118b24fd7, type: 3}
      propertyPath: m_StaticEditorFlags
      value: 2147483647
      objectReference: {fileID: 0}
    - target: {fileID: -7862391691550088030, guid: 8940f55759a3f3446b0fa35118b24fd7, type: 3}
      propertyPath: m_StaticEditorFlags
      value: 2147483647
      objectReference: {fileID: 0}
    - target: {fileID: -7639331209684527813, guid: 8940f55759a3f3446b0fa35118b24fd7, type: 3}
      propertyPath: m_StaticEditorFlags
      value: 2147483647
      objectReference: {fileID: 0}
    - target: {fileID: -5921505478000457673, guid: 8940f55759a3f3446b0fa35118b24fd7, type: 3}
      propertyPath: m_StaticEditorFlags
      value: 2147483647
      objectReference: {fileID: 0}
    - target: {fileID: -5780950928546885950, guid: 8940f55759a3f3446b0fa35118b24fd7, type: 3}
      propertyPath: m_StaticEditorFlags
      value: 2147483647
      objectReference: {fileID: 0}
    - target: {fileID: -5525249646320217000, guid: 8940f55759a3f3446b0fa35118b24fd7, type: 3}
      propertyPath: m_StaticEditorFlags
      value: 2147483647
      objectReference: {fileID: 0}
    - target: {fileID: -5494517347539682338, guid: 8940f55759a3f3446b0fa35118b24fd7, type: 3}
      propertyPath: m_StaticEditorFlags
      value: 2147483647
      objectReference: {fileID: 0}
    - target: {fileID: -5457669278126058004, guid: 8940f55759a3f3446b0fa35118b24fd7, type: 3}
      propertyPath: m_StaticEditorFlags
      value: 2147483647
      objectReference: {fileID: 0}
    - target: {fileID: -5090531447627580993, guid: 8940f55759a3f3446b0fa35118b24fd7, type: 3}
      propertyPath: m_StaticEditorFlags
      value: 2147483647
      objectReference: {fileID: 0}
    - target: {fileID: -4658881790374725516, guid: 8940f55759a3f3446b0fa35118b24fd7, type: 3}
      propertyPath: m_StaticEditorFlags
      value: 2147483647
      objectReference: {fileID: 0}
    - target: {fileID: -3566161465161724425, guid: 8940f55759a3f3446b0fa35118b24fd7, type: 3}
      propertyPath: m_StaticEditorFlags
      value: 2147483647
      objectReference: {fileID: 0}
    - target: {fileID: -3068240195741245191, guid: 8940f55759a3f3446b0fa35118b24fd7, type: 3}
      propertyPath: m_StaticEditorFlags
      value: 2147483647
      objectReference: {fileID: 0}
    - target: {fileID: -1916899210259106318, guid: 8940f55759a3f3446b0fa35118b24fd7, type: 3}
      propertyPath: m_StaticEditorFlags
      value: 2147483647
      objectReference: {fileID: 0}
    - target: {fileID: -1450400270514423276, guid: 8940f55759a3f3446b0fa35118b24fd7, type: 3}
      propertyPath: m_StaticEditorFlags
      value: 2147483647
      objectReference: {fileID: 0}
    - target: {fileID: -1138941984392502341, guid: 8940f55759a3f3446b0fa35118b24fd7, type: 3}
      propertyPath: m_StaticEditorFlags
      value: 2147483647
      objectReference: {fileID: 0}
    - target: {fileID: 52361805505633545, guid: 8940f55759a3f3446b0fa35118b24fd7, type: 3}
      propertyPath: m_StaticEditorFlags
      value: 2147483647
      objectReference: {fileID: 0}
    - target: {fileID: 601941165156881537, guid: 8940f55759a3f3446b0fa35118b24fd7, type: 3}
      propertyPath: m_StaticEditorFlags
      value: 2147483647
      objectReference: {fileID: 0}
    - target: {fileID: 919132149155446097, guid: 8940f55759a3f3446b0fa35118b24fd7, type: 3}
      propertyPath: m_Name
      value: NhaVeSinh (1)
      objectReference: {fileID: 0}
    - target: {fileID: 919132149155446097, guid: 8940f55759a3f3446b0fa35118b24fd7, type: 3}
      propertyPath: m_StaticEditorFlags
      value: 2147483647
      objectReference: {fileID: 0}
    - target: {fileID: 994085286933097443, guid: 8940f55759a3f3446b0fa35118b24fd7, type: 3}
      propertyPath: m_StaticEditorFlags
      value: 2147483647
      objectReference: {fileID: 0}
    - target: {fileID: 6152013724912818185, guid: 8940f55759a3f3446b0fa35118b24fd7, type: 3}
      propertyPath: m_StaticEditorFlags
      value: 2147483647
      objectReference: {fileID: 0}
    - target: {fileID: 6771772229779705346, guid: 8940f55759a3f3446b0fa35118b24fd7, type: 3}
      propertyPath: m_StaticEditorFlags
      value: 2147483647
      objectReference: {fileID: 0}
    - target: {fileID: 7487518098670330387, guid: 8940f55759a3f3446b0fa35118b24fd7, type: 3}
      propertyPath: m_StaticEditorFlags
      value: 2147483647
      objectReference: {fileID: 0}
    - target: {fileID: 7672424614771305636, guid: 8940f55759a3f3446b0fa35118b24fd7, type: 3}
      propertyPath: m_StaticEditorFlags
      value: 2147483647
      objectReference: {fileID: 0}
    - target: {fileID: 7742780737561719692, guid: 8940f55759a3f3446b0fa35118b24fd7, type: 3}
      propertyPath: m_StaticEditorFlags
      value: 2147483647
      objectReference: {fileID: 0}
    - target: {fileID: 8164078558771037576, guid: 8940f55759a3f3446b0fa35118b24fd7, type: 3}
      propertyPath: m_StaticEditorFlags
      value: 2147483647
      objectReference: {fileID: 0}
    - target: {fileID: 8344109066494739902, guid: 8940f55759a3f3446b0fa35118b24fd7, type: 3}
      propertyPath: m_StaticEditorFlags
      value: 2147483647
      objectReference: {fileID: 0}
    - target: {fileID: 8365168192904467795, guid: 8940f55759a3f3446b0fa35118b24fd7, type: 3}
      propertyPath: m_StaticEditorFlags
      value: 2147483647
      objectReference: {fileID: 0}
    m_RemovedComponents: []
  m_SourcePrefab: {fileID: 100100000, guid: 8940f55759a3f3446b0fa35118b24fd7, type: 3}
--- !u!4 &4362473851156840253 stripped
Transform:
  m_CorrespondingSourceObject: {fileID: -8679921383154817045, guid: 8940f55759a3f3446b0fa35118b24fd7, type: 3}
  m_PrefabInstance: {fileID: 4251441649917319382}
  m_PrefabAsset: {fileID: 0}
--- !u!1001 &8309558543777825705
PrefabInstance:
  m_ObjectHideFlags: 0
  serializedVersion: 2
  m_Modification:
    m_TransformParent: {fileID: 2144214517226338426}
    m_Modifications:
    - target: {fileID: -8679921383154817045, guid: 8940f55759a3f3446b0fa35118b24fd7, type: 3}
      propertyPath: m_RootOrder
      value: 4
      objectReference: {fileID: 0}
    - target: {fileID: -8679921383154817045, guid: 8940f55759a3f3446b0fa35118b24fd7, type: 3}
      propertyPath: m_LocalScale.x
      value: 1.2
      objectReference: {fileID: 0}
    - target: {fileID: -8679921383154817045, guid: 8940f55759a3f3446b0fa35118b24fd7, type: 3}
      propertyPath: m_LocalScale.y
      value: 1.5
      objectReference: {fileID: 0}
    - target: {fileID: -8679921383154817045, guid: 8940f55759a3f3446b0fa35118b24fd7, type: 3}
      propertyPath: m_LocalScale.z
      value: 0.9000002
      objectReference: {fileID: 0}
    - target: {fileID: -8679921383154817045, guid: 8940f55759a3f3446b0fa35118b24fd7, type: 3}
      propertyPath: m_LocalPosition.x
      value: -1.1120002
      objectReference: {fileID: 0}
    - target: {fileID: -8679921383154817045, guid: 8940f55759a3f3446b0fa35118b24fd7, type: 3}
      propertyPath: m_LocalPosition.y
      value: 1.9890001
      objectReference: {fileID: 0}
    - target: {fileID: -8679921383154817045, guid: 8940f55759a3f3446b0fa35118b24fd7, type: 3}
      propertyPath: m_LocalPosition.z
      value: 4.223
      objectReference: {fileID: 0}
    - target: {fileID: -8679921383154817045, guid: 8940f55759a3f3446b0fa35118b24fd7, type: 3}
      propertyPath: m_LocalRotation.w
      value: 0
      objectReference: {fileID: 0}
    - target: {fileID: -8679921383154817045, guid: 8940f55759a3f3446b0fa35118b24fd7, type: 3}
      propertyPath: m_LocalRotation.x
      value: 0.7071068
      objectReference: {fileID: 0}
    - target: {fileID: -8679921383154817045, guid: 8940f55759a3f3446b0fa35118b24fd7, type: 3}
      propertyPath: m_LocalRotation.y
      value: -0
      objectReference: {fileID: 0}
    - target: {fileID: -8679921383154817045, guid: 8940f55759a3f3446b0fa35118b24fd7, type: 3}
      propertyPath: m_LocalRotation.z
      value: -0.7071068
      objectReference: {fileID: 0}
    - target: {fileID: -8679921383154817045, guid: 8940f55759a3f3446b0fa35118b24fd7, type: 3}
      propertyPath: m_LocalEulerAnglesHint.x
      value: 0
      objectReference: {fileID: 0}
    - target: {fileID: -8679921383154817045, guid: 8940f55759a3f3446b0fa35118b24fd7, type: 3}
      propertyPath: m_LocalEulerAnglesHint.y
      value: 90
      objectReference: {fileID: 0}
    - target: {fileID: -8679921383154817045, guid: 8940f55759a3f3446b0fa35118b24fd7, type: 3}
      propertyPath: m_LocalEulerAnglesHint.z
      value: 0
      objectReference: {fileID: 0}
    - target: {fileID: -8462709953001013040, guid: 8940f55759a3f3446b0fa35118b24fd7, type: 3}
      propertyPath: m_StaticEditorFlags
      value: 2147483647
      objectReference: {fileID: 0}
    - target: {fileID: -8084033944509488881, guid: 8940f55759a3f3446b0fa35118b24fd7, type: 3}
      propertyPath: m_StaticEditorFlags
      value: 2147483647
      objectReference: {fileID: 0}
    - target: {fileID: -7862391691550088030, guid: 8940f55759a3f3446b0fa35118b24fd7, type: 3}
      propertyPath: m_StaticEditorFlags
      value: 2147483647
      objectReference: {fileID: 0}
    - target: {fileID: -7639331209684527813, guid: 8940f55759a3f3446b0fa35118b24fd7, type: 3}
      propertyPath: m_StaticEditorFlags
      value: 2147483647
      objectReference: {fileID: 0}
    - target: {fileID: -5921505478000457673, guid: 8940f55759a3f3446b0fa35118b24fd7, type: 3}
      propertyPath: m_StaticEditorFlags
      value: 2147483647
      objectReference: {fileID: 0}
    - target: {fileID: -5780950928546885950, guid: 8940f55759a3f3446b0fa35118b24fd7, type: 3}
      propertyPath: m_StaticEditorFlags
      value: 2147483647
      objectReference: {fileID: 0}
    - target: {fileID: -5525249646320217000, guid: 8940f55759a3f3446b0fa35118b24fd7, type: 3}
      propertyPath: m_StaticEditorFlags
      value: 2147483647
      objectReference: {fileID: 0}
    - target: {fileID: -5494517347539682338, guid: 8940f55759a3f3446b0fa35118b24fd7, type: 3}
      propertyPath: m_StaticEditorFlags
      value: 2147483647
      objectReference: {fileID: 0}
    - target: {fileID: -5457669278126058004, guid: 8940f55759a3f3446b0fa35118b24fd7, type: 3}
      propertyPath: m_StaticEditorFlags
      value: 2147483647
      objectReference: {fileID: 0}
    - target: {fileID: -5090531447627580993, guid: 8940f55759a3f3446b0fa35118b24fd7, type: 3}
      propertyPath: m_StaticEditorFlags
      value: 2147483647
      objectReference: {fileID: 0}
    - target: {fileID: -4658881790374725516, guid: 8940f55759a3f3446b0fa35118b24fd7, type: 3}
      propertyPath: m_StaticEditorFlags
      value: 2147483647
      objectReference: {fileID: 0}
    - target: {fileID: -3566161465161724425, guid: 8940f55759a3f3446b0fa35118b24fd7, type: 3}
      propertyPath: m_StaticEditorFlags
      value: 2147483647
      objectReference: {fileID: 0}
    - target: {fileID: -3068240195741245191, guid: 8940f55759a3f3446b0fa35118b24fd7, type: 3}
      propertyPath: m_StaticEditorFlags
      value: 2147483647
      objectReference: {fileID: 0}
    - target: {fileID: -1916899210259106318, guid: 8940f55759a3f3446b0fa35118b24fd7, type: 3}
      propertyPath: m_StaticEditorFlags
      value: 2147483647
      objectReference: {fileID: 0}
    - target: {fileID: -1450400270514423276, guid: 8940f55759a3f3446b0fa35118b24fd7, type: 3}
      propertyPath: m_StaticEditorFlags
      value: 2147483647
      objectReference: {fileID: 0}
    - target: {fileID: -1138941984392502341, guid: 8940f55759a3f3446b0fa35118b24fd7, type: 3}
      propertyPath: m_StaticEditorFlags
      value: 2147483647
      objectReference: {fileID: 0}
    - target: {fileID: 52361805505633545, guid: 8940f55759a3f3446b0fa35118b24fd7, type: 3}
      propertyPath: m_StaticEditorFlags
      value: 2147483647
      objectReference: {fileID: 0}
    - target: {fileID: 601941165156881537, guid: 8940f55759a3f3446b0fa35118b24fd7, type: 3}
      propertyPath: m_StaticEditorFlags
      value: 2147483647
      objectReference: {fileID: 0}
    - target: {fileID: 919132149155446097, guid: 8940f55759a3f3446b0fa35118b24fd7, type: 3}
      propertyPath: m_Name
      value: NhaVeSinh
      objectReference: {fileID: 0}
    - target: {fileID: 919132149155446097, guid: 8940f55759a3f3446b0fa35118b24fd7, type: 3}
      propertyPath: m_StaticEditorFlags
      value: 2147483647
      objectReference: {fileID: 0}
    - target: {fileID: 994085286933097443, guid: 8940f55759a3f3446b0fa35118b24fd7, type: 3}
      propertyPath: m_StaticEditorFlags
      value: 2147483647
      objectReference: {fileID: 0}
    - target: {fileID: 6152013724912818185, guid: 8940f55759a3f3446b0fa35118b24fd7, type: 3}
      propertyPath: m_StaticEditorFlags
      value: 2147483647
      objectReference: {fileID: 0}
    - target: {fileID: 6771772229779705346, guid: 8940f55759a3f3446b0fa35118b24fd7, type: 3}
      propertyPath: m_StaticEditorFlags
      value: 2147483647
      objectReference: {fileID: 0}
    - target: {fileID: 7487518098670330387, guid: 8940f55759a3f3446b0fa35118b24fd7, type: 3}
      propertyPath: m_StaticEditorFlags
      value: 2147483647
      objectReference: {fileID: 0}
    - target: {fileID: 7672424614771305636, guid: 8940f55759a3f3446b0fa35118b24fd7, type: 3}
      propertyPath: m_StaticEditorFlags
      value: 2147483647
      objectReference: {fileID: 0}
    - target: {fileID: 7742780737561719692, guid: 8940f55759a3f3446b0fa35118b24fd7, type: 3}
      propertyPath: m_StaticEditorFlags
      value: 2147483647
      objectReference: {fileID: 0}
    - target: {fileID: 8164078558771037576, guid: 8940f55759a3f3446b0fa35118b24fd7, type: 3}
      propertyPath: m_StaticEditorFlags
      value: 2147483647
      objectReference: {fileID: 0}
    - target: {fileID: 8344109066494739902, guid: 8940f55759a3f3446b0fa35118b24fd7, type: 3}
      propertyPath: m_StaticEditorFlags
      value: 2147483647
      objectReference: {fileID: 0}
    - target: {fileID: 8365168192904467795, guid: 8940f55759a3f3446b0fa35118b24fd7, type: 3}
      propertyPath: m_StaticEditorFlags
      value: 2147483647
      objectReference: {fileID: 0}
    m_RemovedComponents: []
  m_SourcePrefab: {fileID: 100100000, guid: 8940f55759a3f3446b0fa35118b24fd7, type: 3}
--- !u!4 &8420537256180048962 stripped
Transform:
  m_CorrespondingSourceObject: {fileID: -8679921383154817045, guid: 8940f55759a3f3446b0fa35118b24fd7, type: 3}
  m_PrefabInstance: {fileID: 8309558543777825705}
  m_PrefabAsset: {fileID: 0}
