%YAML 1.1
%TAG !u! tag:unity3d.com,2011:
--- !u!29 &1
OcclusionCullingSettings:
  m_ObjectHideFlags: 0
  serializedVersion: 2
  m_OcclusionBakeSettings:
    smallestOccluder: 5
    smallestHole: 0.25
    backfaceThreshold: 100
  m_SceneGUID: 00000000000000000000000000000000
  m_OcclusionCullingData: {fileID: 0}
--- !u!104 &2
RenderSettings:
  m_ObjectHideFlags: 0
  serializedVersion: 9
  m_Fog: 0
  m_FogColor: {r: 0.5, g: 0.5, b: 0.5, a: 1}
  m_FogMode: 3
  m_FogDensity: 0.01
  m_LinearFogStart: 0
  m_LinearFogEnd: 300
  m_AmbientSkyColor: {r: 0.212, g: 0.227, b: 0.259, a: 1}
  m_AmbientEquatorColor: {r: 0.114, g: 0.125, b: 0.133, a: 1}
  m_AmbientGroundColor: {r: 0.047, g: 0.043, b: 0.035, a: 1}
  m_AmbientIntensity: 1
  m_AmbientMode: 0
  m_SubtractiveShadowColor: {r: 0.42, g: 0.478, b: 0.627, a: 1}
  m_SkyboxMaterial: {fileID: 10304, guid: 0000000000000000f000000000000000, type: 0}
  m_HaloStrength: 0.5
  m_FlareStrength: 1
  m_FlareFadeSpeed: 3
  m_HaloTexture: {fileID: 0}
  m_SpotCookie: {fileID: 10001, guid: 0000000000000000e000000000000000, type: 0}
  m_DefaultReflectionMode: 0
  m_DefaultReflectionResolution: 128
  m_ReflectionBounces: 1
  m_ReflectionIntensity: 1
  m_CustomReflection: {fileID: 0}
  m_Sun: {fileID: 0}
  m_IndirectSpecularColor: {r: 0.37311953, g: 0.38074014, b: 0.3587274, a: 1}
  m_UseRadianceAmbientProbe: 0
--- !u!157 &3
LightmapSettings:
  m_ObjectHideFlags: 0
  serializedVersion: 12
  m_GIWorkflowMode: 1
  m_GISettings:
    serializedVersion: 2
    m_BounceScale: 1
    m_IndirectOutputScale: 1
    m_AlbedoBoost: 1
    m_EnvironmentLightingMode: 0
    m_EnableBakedLightmaps: 1
    m_EnableRealtimeLightmaps: 0
  m_LightmapEditorSettings:
    serializedVersion: 12
    m_Resolution: 2
    m_BakeResolution: 40
    m_AtlasSize: 1024
    m_AO: 0
    m_AOMaxDistance: 1
    m_CompAOExponent: 1
    m_CompAOExponentDirect: 0
    m_ExtractAmbientOcclusion: 0
    m_Padding: 2
    m_LightmapParameters: {fileID: 0}
    m_LightmapsBakeMode: 1
    m_TextureCompression: 1
    m_FinalGather: 0
    m_FinalGatherFiltering: 1
    m_FinalGatherRayCount: 256
    m_ReflectionCompression: 2
    m_MixedBakeMode: 2
    m_BakeBackend: 1
    m_PVRSampling: 1
    m_PVRDirectSampleCount: 32
    m_PVRSampleCount: 500
    m_PVRBounces: 2
    m_PVREnvironmentSampleCount: 500
    m_PVREnvironmentReferencePointCount: 2048
    m_PVRFilteringMode: 2
    m_PVRDenoiserTypeDirect: 0
    m_PVRDenoiserTypeIndirect: 0
    m_PVRDenoiserTypeAO: 0
    m_PVRFilterTypeDirect: 0
    m_PVRFilterTypeIndirect: 0
    m_PVRFilterTypeAO: 0
    m_PVREnvironmentMIS: 0
    m_PVRCulling: 1
    m_PVRFilteringGaussRadiusDirect: 1
    m_PVRFilteringGaussRadiusIndirect: 5
    m_PVRFilteringGaussRadiusAO: 2
    m_PVRFilteringAtrousPositionSigmaDirect: 0.5
    m_PVRFilteringAtrousPositionSigmaIndirect: 2
    m_PVRFilteringAtrousPositionSigmaAO: 1
    m_ExportTrainingData: 0
    m_TrainingDataDestination: TrainingData
    m_LightProbeSampleCountMultiplier: 4
  m_LightingDataAsset: {fileID: 0}
  m_LightingSettings: {fileID: 0}
--- !u!196 &4
NavMeshSettings:
  serializedVersion: 2
  m_ObjectHideFlags: 0
  m_BuildSettings:
    serializedVersion: 2
    agentTypeID: 0
    agentRadius: 0.5
    agentHeight: 2
    agentSlope: 45
    agentClimb: 0.4
    ledgeDropHeight: 0
    maxJumpAcrossDistance: 0
    minRegionArea: 2
    manualCellSize: 0
    cellSize: 0.16666667
    manualTileSize: 0
    tileSize: 256
    accuratePlacement: 0
    maxJobWorkers: 0
    preserveTilesOutsideBounds: 0
    debug:
      m_Flags: 0
  m_NavMeshData: {fileID: 0}
--- !u!1001 &145677762
PrefabInstance:
  m_ObjectHideFlags: 0
  serializedVersion: 2
  m_Modification:
    m_TransformParent: {fileID: 0}
    m_Modifications:
    - target: {fileID: 2094089217261284438, guid: 056b6f2372979464494437b4b266fe1c, type: 3}
      propertyPath: m_Name
      value: 606
      objectReference: {fileID: 0}
    - target: {fileID: 4686414433737750187, guid: 056b6f2372979464494437b4b266fe1c, type: 3}
      propertyPath: m_RootOrder
      value: 6
      objectReference: {fileID: 0}
    - target: {fileID: 4686414433737750187, guid: 056b6f2372979464494437b4b266fe1c, type: 3}
      propertyPath: m_LocalPosition.x
      value: -5.527
      objectReference: {fileID: 0}
    - target: {fileID: 4686414433737750187, guid: 056b6f2372979464494437b4b266fe1c, type: 3}
      propertyPath: m_LocalPosition.y
      value: 10.68
      objectReference: {fileID: 0}
    - target: {fileID: 4686414433737750187, guid: 056b6f2372979464494437b4b266fe1c, type: 3}
      propertyPath: m_LocalPosition.z
      value: -7.106
      objectReference: {fileID: 0}
    - target: {fileID: 4686414433737750187, guid: 056b6f2372979464494437b4b266fe1c, type: 3}
      propertyPath: m_LocalRotation.w
      value: 1
      objectReference: {fileID: 0}
    - target: {fileID: 4686414433737750187, guid: 056b6f2372979464494437b4b266fe1c, type: 3}
      propertyPath: m_LocalRotation.x
      value: 0
      objectReference: {fileID: 0}
    - target: {fileID: 4686414433737750187, guid: 056b6f2372979464494437b4b266fe1c, type: 3}
      propertyPath: m_LocalRotation.y
      value: 0
      objectReference: {fileID: 0}
    - target: {fileID: 4686414433737750187, guid: 056b6f2372979464494437b4b266fe1c, type: 3}
      propertyPath: m_LocalRotation.z
      value: 0
      objectReference: {fileID: 0}
    - target: {fileID: 4686414433737750187, guid: 056b6f2372979464494437b4b266fe1c, type: 3}
      propertyPath: m_LocalEulerAnglesHint.x
      value: 0
      objectReference: {fileID: 0}
    - target: {fileID: 4686414433737750187, guid: 056b6f2372979464494437b4b266fe1c, type: 3}
      propertyPath: m_LocalEulerAnglesHint.y
      value: 0
      objectReference: {fileID: 0}
    - target: {fileID: 4686414433737750187, guid: 056b6f2372979464494437b4b266fe1c, type: 3}
      propertyPath: m_LocalEulerAnglesHint.z
      value: 0
      objectReference: {fileID: 0}
    m_RemovedComponents: []
  m_SourcePrefab: {fileID: 100100000, guid: 056b6f2372979464494437b4b266fe1c, type: 3}
--- !u!1001 &383433500
PrefabInstance:
  m_ObjectHideFlags: 0
  serializedVersion: 2
  m_Modification:
    m_TransformParent: {fileID: 0}
    m_Modifications:
    - target: {fileID: 2144214517226338405, guid: df79f764c9ca85043b306c974258a1c4, type: 3}
      propertyPath: m_Name
      value: WC-WOMAN
      objectReference: {fileID: 0}
    - target: {fileID: 2144214517226338426, guid: df79f764c9ca85043b306c974258a1c4, type: 3}
      propertyPath: m_RootOrder
      value: 0
      objectReference: {fileID: 0}
    - target: {fileID: 2144214517226338426, guid: df79f764c9ca85043b306c974258a1c4, type: 3}
      propertyPath: m_LocalPosition.x
      value: 4.905
      objectReference: {fileID: 0}
    - target: {fileID: 2144214517226338426, guid: df79f764c9ca85043b306c974258a1c4, type: 3}
      propertyPath: m_LocalPosition.y
      value: 9.729
      objectReference: {fileID: 0}
    - target: {fileID: 2144214517226338426, guid: df79f764c9ca85043b306c974258a1c4, type: 3}
      propertyPath: m_LocalPosition.z
      value: 3.4657083
      objectReference: {fileID: 0}
    - target: {fileID: 2144214517226338426, guid: df79f764c9ca85043b306c974258a1c4, type: 3}
      propertyPath: m_LocalRotation.w
      value: 0
      objectReference: {fileID: 0}
    - target: {fileID: 2144214517226338426, guid: df79f764c9ca85043b306c974258a1c4, type: 3}
      propertyPath: m_LocalRotation.x
      value: 0.7071068
      objectReference: {fileID: 0}
    - target: {fileID: 2144214517226338426, guid: df79f764c9ca85043b306c974258a1c4, type: 3}
      propertyPath: m_LocalRotation.y
      value: 0
      objectReference: {fileID: 0}
    - target: {fileID: 2144214517226338426, guid: df79f764c9ca85043b306c974258a1c4, type: 3}
      propertyPath: m_LocalRotation.z
      value: 0.7071068
      objectReference: {fileID: 0}
    - target: {fileID: 2144214517226338426, guid: df79f764c9ca85043b306c974258a1c4, type: 3}
      propertyPath: m_LocalEulerAnglesHint.x
      value: 0
      objectReference: {fileID: 0}
    - target: {fileID: 2144214517226338426, guid: df79f764c9ca85043b306c974258a1c4, type: 3}
      propertyPath: m_LocalEulerAnglesHint.y
      value: 90
      objectReference: {fileID: 0}
    - target: {fileID: 2144214517226338426, guid: df79f764c9ca85043b306c974258a1c4, type: 3}
      propertyPath: m_LocalEulerAnglesHint.z
      value: 180
      objectReference: {fileID: 0}
    m_RemovedComponents: []
  m_SourcePrefab: {fileID: 100100000, guid: df79f764c9ca85043b306c974258a1c4, type: 3}
--- !u!1001 &632079827
PrefabInstance:
  m_ObjectHideFlags: 0
  serializedVersion: 2
  m_Modification:
    m_TransformParent: {fileID: 0}
    m_Modifications:
    - target: {fileID: 7307445366050785722, guid: abadc08c474d56246b4e272adf97462d, type: 3}
      propertyPath: m_RootOrder
      value: 8
      objectReference: {fileID: 0}
    - target: {fileID: 7307445366050785722, guid: abadc08c474d56246b4e272adf97462d, type: 3}
      propertyPath: m_LocalScale.x
      value: 2
      objectReference: {fileID: 0}
    - target: {fileID: 7307445366050785722, guid: abadc08c474d56246b4e272adf97462d, type: 3}
      propertyPath: m_LocalScale.y
      value: 2
      objectReference: {fileID: 0}
    - target: {fileID: 7307445366050785722, guid: abadc08c474d56246b4e272adf97462d, type: 3}
      propertyPath: m_LocalScale.z
      value: 2
      objectReference: {fileID: 0}
    - target: {fileID: 7307445366050785722, guid: abadc08c474d56246b4e272adf97462d, type: 3}
      propertyPath: m_LocalPosition.x
      value: 10.1
      objectReference: {fileID: 0}
    - target: {fileID: 7307445366050785722, guid: abadc08c474d56246b4e272adf97462d, type: 3}
      propertyPath: m_LocalPosition.y
      value: -1.87
      objectReference: {fileID: 0}
    - target: {fileID: 7307445366050785722, guid: abadc08c474d56246b4e272adf97462d, type: 3}
      propertyPath: m_LocalPosition.z
      value: 3.001121
      objectReference: {fileID: 0}
    - target: {fileID: 7307445366050785722, guid: abadc08c474d56246b4e272adf97462d, type: 3}
      propertyPath: m_LocalRotation.w
      value: 1
      objectReference: {fileID: 0}
    - target: {fileID: 7307445366050785722, guid: abadc08c474d56246b4e272adf97462d, type: 3}
      propertyPath: m_LocalRotation.x
      value: 0
      objectReference: {fileID: 0}
    - target: {fileID: 7307445366050785722, guid: abadc08c474d56246b4e272adf97462d, type: 3}
      propertyPath: m_LocalRotation.y
      value: 0
      objectReference: {fileID: 0}
    - target: {fileID: 7307445366050785722, guid: abadc08c474d56246b4e272adf97462d, type: 3}
      propertyPath: m_LocalRotation.z
      value: 0
      objectReference: {fileID: 0}
    - target: {fileID: 7307445366050785722, guid: abadc08c474d56246b4e272adf97462d, type: 3}
      propertyPath: m_LocalEulerAnglesHint.x
      value: 0
      objectReference: {fileID: 0}
    - target: {fileID: 7307445366050785722, guid: abadc08c474d56246b4e272adf97462d, type: 3}
      propertyPath: m_LocalEulerAnglesHint.y
      value: 0
      objectReference: {fileID: 0}
    - target: {fileID: 7307445366050785722, guid: abadc08c474d56246b4e272adf97462d, type: 3}
      propertyPath: m_LocalEulerAnglesHint.z
      value: 0
      objectReference: {fileID: 0}
    - target: {fileID: 7307445366050785723, guid: abadc08c474d56246b4e272adf97462d, type: 3}
      propertyPath: m_Name
      value: Nen
      objectReference: {fileID: 0}
    m_RemovedComponents: []
  m_SourcePrefab: {fileID: 100100000, guid: abadc08c474d56246b4e272adf97462d, type: 3}
--- !u!1001 &634016107
PrefabInstance:
  m_ObjectHideFlags: 0
  serializedVersion: 2
  m_Modification:
    m_TransformParent: {fileID: 0}
    m_Modifications:
    - target: {fileID: 772237313763760427, guid: 47f368079be0a1748860c0f46552ac54, type: 3}
      propertyPath: m_RootOrder
      value: 10
      objectReference: {fileID: 0}
    - target: {fileID: 772237313763760427, guid: 47f368079be0a1748860c0f46552ac54, type: 3}
      propertyPath: m_LocalScale.x
      value: 1.3
      objectReference: {fileID: 0}
    - target: {fileID: 772237313763760427, guid: 47f368079be0a1748860c0f46552ac54, type: 3}
      propertyPath: m_LocalPosition.x
      value: -2.36
      objectReference: {fileID: 0}
    - target: {fileID: 772237313763760427, guid: 47f368079be0a1748860c0f46552ac54, type: 3}
      propertyPath: m_LocalPosition.y
      value: -1.65
      objectReference: {fileID: 0}
    - target: {fileID: 772237313763760427, guid: 47f368079be0a1748860c0f46552ac54, type: 3}
      propertyPath: m_LocalPosition.z
      value: -1.62
      objectReference: {fileID: 0}
    - target: {fileID: 772237313763760427, guid: 47f368079be0a1748860c0f46552ac54, type: 3}
      propertyPath: m_LocalRotation.w
      value: 1
      objectReference: {fileID: 0}
    - target: {fileID: 772237313763760427, guid: 47f368079be0a1748860c0f46552ac54, type: 3}
      propertyPath: m_LocalRotation.x
      value: 0
      objectReference: {fileID: 0}
    - target: {fileID: 772237313763760427, guid: 47f368079be0a1748860c0f46552ac54, type: 3}
      propertyPath: m_LocalRotation.y
      value: 0
      objectReference: {fileID: 0}
    - target: {fileID: 772237313763760427, guid: 47f368079be0a1748860c0f46552ac54, type: 3}
      propertyPath: m_LocalRotation.z
      value: 0
      objectReference: {fileID: 0}
    - target: {fileID: 772237313763760427, guid: 47f368079be0a1748860c0f46552ac54, type: 3}
      propertyPath: m_LocalEulerAnglesHint.x
      value: 0
      objectReference: {fileID: 0}
    - target: {fileID: 772237313763760427, guid: 47f368079be0a1748860c0f46552ac54, type: 3}
      propertyPath: m_LocalEulerAnglesHint.y
      value: 0
      objectReference: {fileID: 0}
    - target: {fileID: 772237313763760427, guid: 47f368079be0a1748860c0f46552ac54, type: 3}
      propertyPath: m_LocalEulerAnglesHint.z
      value: 0
      objectReference: {fileID: 0}
    - target: {fileID: 5943348367219263053, guid: 47f368079be0a1748860c0f46552ac54, type: 3}
      propertyPath: m_Name
      value: Cau-thang-boo 1
      objectReference: {fileID: 0}
    m_RemovedComponents: []
  m_SourcePrefab: {fileID: 100100000, guid: 47f368079be0a1748860c0f46552ac54, type: 3}
--- !u!1 &929422919
GameObject:
  m_ObjectHideFlags: 0
  m_CorrespondingSourceObject: {fileID: 0}
  m_PrefabInstance: {fileID: 0}
  m_PrefabAsset: {fileID: 0}
  serializedVersion: 6
  m_Component:
  - component: {fileID: 929422920}
  - component: {fileID: 929422923}
  - component: {fileID: 929422922}
  - component: {fileID: 929422921}
  m_Layer: 0
  m_Name: Cube (30)
  m_TagString: Untagged
  m_Icon: {fileID: 0}
  m_NavMeshLayer: 0
  m_StaticEditorFlags: 0
  m_IsActive: 1
--- !u!4 &929422920
Transform:
  m_ObjectHideFlags: 0
  m_CorrespondingSourceObject: {fileID: 0}
  m_PrefabInstance: {fileID: 0}
  m_PrefabAsset: {fileID: 0}
  m_GameObject: {fileID: 929422919}
  m_LocalRotation: {x: 0, y: 0, z: 0, w: 1}
  m_LocalPosition: {x: -14.1566, y: 0.7581, z: 3.3}
  m_LocalScale: {x: 1.5499189, y: 1.6267376, z: 0.06363589}
  m_Children: []
  m_Father: {fileID: 8194561110894984002}
  m_RootOrder: 30
  m_LocalEulerAnglesHint: {x: 0, y: 0, z: 0}
--- !u!65 &929422921
BoxCollider:
  m_ObjectHideFlags: 0
  m_CorrespondingSourceObject: {fileID: 0}
  m_PrefabInstance: {fileID: 0}
  m_PrefabAsset: {fileID: 0}
  m_GameObject: {fileID: 929422919}
  m_Material: {fileID: 0}
  m_IsTrigger: 0
  m_Enabled: 1
  serializedVersion: 2
  m_Size: {x: 1, y: 1, z: 1}
  m_Center: {x: 0, y: 0, z: 0}
--- !u!23 &929422922
MeshRenderer:
  m_ObjectHideFlags: 0
  m_CorrespondingSourceObject: {fileID: 0}
  m_PrefabInstance: {fileID: 0}
  m_PrefabAsset: {fileID: 0}
  m_GameObject: {fileID: 929422919}
  m_Enabled: 1
  m_CastShadows: 1
  m_ReceiveShadows: 1
  m_DynamicOccludee: 1
  m_MotionVectors: 1
  m_LightProbeUsage: 1
  m_ReflectionProbeUsage: 1
  m_RayTracingMode: 2
  m_RayTraceProcedural: 0
  m_RenderingLayerMask: 1
  m_RendererPriority: 0
  m_Materials:
  - {fileID: 2100000, guid: b7b69b8a292f4ac4e86a3de968c3de94, type: 2}
  m_StaticBatchInfo:
    firstSubMesh: 0
    subMeshCount: 0
  m_StaticBatchRoot: {fileID: 0}
  m_ProbeAnchor: {fileID: 0}
  m_LightProbeVolumeOverride: {fileID: 0}
  m_ScaleInLightmap: 1
  m_ReceiveGI: 1
  m_PreserveUVs: 0
  m_IgnoreNormalsForChartDetection: 0
  m_ImportantGI: 0
  m_StitchLightmapSeams: 1
  m_SelectedEditorRenderState: 3
  m_MinimumChartSize: 4
  m_AutoUVMaxDistance: 0.5
  m_AutoUVMaxAngle: 89
  m_LightmapParameters: {fileID: 0}
  m_SortingLayerID: 0
  m_SortingLayer: 0
  m_SortingOrder: 0
  m_AdditionalVertexStreams: {fileID: 0}
--- !u!33 &929422923
MeshFilter:
  m_ObjectHideFlags: 0
  m_CorrespondingSourceObject: {fileID: 0}
  m_PrefabInstance: {fileID: 0}
  m_PrefabAsset: {fileID: 0}
  m_GameObject: {fileID: 929422919}
  m_Mesh: {fileID: 10202, guid: 0000000000000000e000000000000000, type: 0}
--- !u!1001 &942369361
PrefabInstance:
  m_ObjectHideFlags: 0
  serializedVersion: 2
  m_Modification:
    m_TransformParent: {fileID: 0}
    m_Modifications:
    - target: {fileID: 5392632690996636832, guid: 33b34810edcb45148aa4b5d44cced12f, type: 3}
      propertyPath: m_LocalPosition.y
      value: -0.051
      objectReference: {fileID: 0}
    - target: {fileID: 6948760619187543734, guid: 33b34810edcb45148aa4b5d44cced12f, type: 3}
      propertyPath: m_Name
      value: 605
      objectReference: {fileID: 0}
    - target: {fileID: 9115912924063955750, guid: 33b34810edcb45148aa4b5d44cced12f, type: 3}
      propertyPath: m_RootOrder
      value: 5
      objectReference: {fileID: 0}
    - target: {fileID: 9115912924063955750, guid: 33b34810edcb45148aa4b5d44cced12f, type: 3}
      propertyPath: m_LocalPosition.x
      value: -5.984
      objectReference: {fileID: 0}
    - target: {fileID: 9115912924063955750, guid: 33b34810edcb45148aa4b5d44cced12f, type: 3}
      propertyPath: m_LocalPosition.y
      value: 10.82887
      objectReference: {fileID: 0}
    - target: {fileID: 9115912924063955750, guid: 33b34810edcb45148aa4b5d44cced12f, type: 3}
      propertyPath: m_LocalPosition.z
      value: -7.145
      objectReference: {fileID: 0}
    - target: {fileID: 9115912924063955750, guid: 33b34810edcb45148aa4b5d44cced12f, type: 3}
      propertyPath: m_LocalRotation.w
      value: 1
      objectReference: {fileID: 0}
    - target: {fileID: 9115912924063955750, guid: 33b34810edcb45148aa4b5d44cced12f, type: 3}
      propertyPath: m_LocalRotation.x
      value: 0
      objectReference: {fileID: 0}
    - target: {fileID: 9115912924063955750, guid: 33b34810edcb45148aa4b5d44cced12f, type: 3}
      propertyPath: m_LocalRotation.y
      value: 0
      objectReference: {fileID: 0}
    - target: {fileID: 9115912924063955750, guid: 33b34810edcb45148aa4b5d44cced12f, type: 3}
      propertyPath: m_LocalRotation.z
      value: 0
      objectReference: {fileID: 0}
    - target: {fileID: 9115912924063955750, guid: 33b34810edcb45148aa4b5d44cced12f, type: 3}
      propertyPath: m_LocalEulerAnglesHint.x
      value: 0
      objectReference: {fileID: 0}
    - target: {fileID: 9115912924063955750, guid: 33b34810edcb45148aa4b5d44cced12f, type: 3}
      propertyPath: m_LocalEulerAnglesHint.y
      value: 0
      objectReference: {fileID: 0}
    - target: {fileID: 9115912924063955750, guid: 33b34810edcb45148aa4b5d44cced12f, type: 3}
      propertyPath: m_LocalEulerAnglesHint.z
      value: 0
      objectReference: {fileID: 0}
    m_RemovedComponents: []
  m_SourcePrefab: {fileID: 100100000, guid: 33b34810edcb45148aa4b5d44cced12f, type: 3}
--- !u!1001 &945882886
PrefabInstance:
  m_ObjectHideFlags: 0
  serializedVersion: 2
  m_Modification:
    m_TransformParent: {fileID: 0}
    m_Modifications:
    - target: {fileID: 7295244757700138158, guid: d9a0f1180d31860449b6f13b064e888d, type: 3}
      propertyPath: m_Name
      value: ManHinhTiviTang1
      objectReference: {fileID: 0}
    - target: {fileID: 7959614091189751316, guid: d9a0f1180d31860449b6f13b064e888d, type: 3}
      propertyPath: m_RootOrder
      value: 14
      objectReference: {fileID: 0}
    - target: {fileID: 7959614091189751316, guid: d9a0f1180d31860449b6f13b064e888d, type: 3}
      propertyPath: m_LocalPosition.x
      value: -2.403
      objectReference: {fileID: 0}
    - target: {fileID: 7959614091189751316, guid: d9a0f1180d31860449b6f13b064e888d, type: 3}
      propertyPath: m_LocalPosition.y
      value: 0.164
      objectReference: {fileID: 0}
    - target: {fileID: 7959614091189751316, guid: d9a0f1180d31860449b6f13b064e888d, type: 3}
      propertyPath: m_LocalPosition.z
      value: 0.633
      objectReference: {fileID: 0}
    - target: {fileID: 7959614091189751316, guid: d9a0f1180d31860449b6f13b064e888d, type: 3}
      propertyPath: m_LocalRotation.w
      value: 0.7071068
      objectReference: {fileID: 0}
    - target: {fileID: 7959614091189751316, guid: d9a0f1180d31860449b6f13b064e888d, type: 3}
      propertyPath: m_LocalRotation.x
      value: -0.7071068
      objectReference: {fileID: 0}
    - target: {fileID: 7959614091189751316, guid: d9a0f1180d31860449b6f13b064e888d, type: 3}
      propertyPath: m_LocalRotation.y
      value: 0
      objectReference: {fileID: 0}
    - target: {fileID: 7959614091189751316, guid: d9a0f1180d31860449b6f13b064e888d, type: 3}
      propertyPath: m_LocalRotation.z
      value: -0
      objectReference: {fileID: 0}
    - target: {fileID: 7959614091189751316, guid: d9a0f1180d31860449b6f13b064e888d, type: 3}
      propertyPath: m_LocalEulerAnglesHint.x
      value: 0
      objectReference: {fileID: 0}
    - target: {fileID: 7959614091189751316, guid: d9a0f1180d31860449b6f13b064e888d, type: 3}
      propertyPath: m_LocalEulerAnglesHint.y
      value: 0
      objectReference: {fileID: 0}
    - target: {fileID: 7959614091189751316, guid: d9a0f1180d31860449b6f13b064e888d, type: 3}
      propertyPath: m_LocalEulerAnglesHint.z
      value: 0
      objectReference: {fileID: 0}
    m_RemovedComponents: []
  m_SourcePrefab: {fileID: 100100000, guid: d9a0f1180d31860449b6f13b064e888d, type: 3}
--- !u!1001 &947269340
PrefabInstance:
  m_ObjectHideFlags: 0
  serializedVersion: 2
  m_Modification:
    m_TransformParent: {fileID: 0}
    m_Modifications:
    - target: {fileID: 2510527795062182915, guid: 82ac5fb97ed75bf4d86ed267b0cb332f, type: 3}
      propertyPath: m_RootOrder
      value: 2
      objectReference: {fileID: 0}
    - target: {fileID: 2510527795062182915, guid: 82ac5fb97ed75bf4d86ed267b0cb332f, type: 3}
      propertyPath: m_LocalScale.x
      value: 1.4
      objectReference: {fileID: 0}
    - target: {fileID: 2510527795062182915, guid: 82ac5fb97ed75bf4d86ed267b0cb332f, type: 3}
      propertyPath: m_LocalScale.y
      value: 1.2
      objectReference: {fileID: 0}
    - target: {fileID: 2510527795062182915, guid: 82ac5fb97ed75bf4d86ed267b0cb332f, type: 3}
      propertyPath: m_LocalPosition.x
      value: -2.2278123
      objectReference: {fileID: 0}
    - target: {fileID: 2510527795062182915, guid: 82ac5fb97ed75bf4d86ed267b0cb332f, type: 3}
      propertyPath: m_LocalPosition.y
      value: 15.922468
      objectReference: {fileID: 0}
    - target: {fileID: 2510527795062182915, guid: 82ac5fb97ed75bf4d86ed267b0cb332f, type: 3}
      propertyPath: m_LocalPosition.z
      value: 2.98
      objectReference: {fileID: 0}
    - target: {fileID: 2510527795062182915, guid: 82ac5fb97ed75bf4d86ed267b0cb332f, type: 3}
      propertyPath: m_LocalRotation.w
      value: 0.7071068
      objectReference: {fileID: 0}
    - target: {fileID: 2510527795062182915, guid: 82ac5fb97ed75bf4d86ed267b0cb332f, type: 3}
      propertyPath: m_LocalRotation.x
      value: -0.7071068
      objectReference: {fileID: 0}
    - target: {fileID: 2510527795062182915, guid: 82ac5fb97ed75bf4d86ed267b0cb332f, type: 3}
      propertyPath: m_LocalRotation.y
      value: -0
      objectReference: {fileID: 0}
    - target: {fileID: 2510527795062182915, guid: 82ac5fb97ed75bf4d86ed267b0cb332f, type: 3}
      propertyPath: m_LocalRotation.z
      value: -0
      objectReference: {fileID: 0}
    - target: {fileID: 2510527795062182915, guid: 82ac5fb97ed75bf4d86ed267b0cb332f, type: 3}
      propertyPath: m_LocalEulerAnglesHint.x
      value: 0
      objectReference: {fileID: 0}
    - target: {fileID: 2510527795062182915, guid: 82ac5fb97ed75bf4d86ed267b0cb332f, type: 3}
      propertyPath: m_LocalEulerAnglesHint.y
      value: 0
      objectReference: {fileID: 0}
    - target: {fileID: 2510527795062182915, guid: 82ac5fb97ed75bf4d86ed267b0cb332f, type: 3}
      propertyPath: m_LocalEulerAnglesHint.z
      value: 0
      objectReference: {fileID: 0}
    - target: {fileID: 7015571852793718516, guid: 82ac5fb97ed75bf4d86ed267b0cb332f, type: 3}
      propertyPath: m_Name
      value: A1Chuan
      objectReference: {fileID: 0}
    - target: {fileID: 7015571852793718516, guid: 82ac5fb97ed75bf4d86ed267b0cb332f, type: 3}
      propertyPath: m_IsActive
      value: 1
      objectReference: {fileID: 0}
    m_RemovedComponents: []
  m_SourcePrefab: {fileID: 100100000, guid: 82ac5fb97ed75bf4d86ed267b0cb332f, type: 3}
--- !u!1001 &1051106784
PrefabInstance:
  m_ObjectHideFlags: 0
  serializedVersion: 2
  m_Modification:
    m_TransformParent: {fileID: 0}
    m_Modifications:
    - target: {fileID: 2133052715124755048, guid: b55249e04d5708e46b10fb50f856cd43, type: 3}
      propertyPath: m_RootOrder
      value: 7
      objectReference: {fileID: 0}
    - target: {fileID: 2133052715124755048, guid: b55249e04d5708e46b10fb50f856cd43, type: 3}
      propertyPath: m_LocalPosition.x
      value: -5.126
      objectReference: {fileID: 0}
    - target: {fileID: 2133052715124755048, guid: b55249e04d5708e46b10fb50f856cd43, type: 3}
      propertyPath: m_LocalPosition.y
      value: 10.82
      objectReference: {fileID: 0}
    - target: {fileID: 2133052715124755048, guid: b55249e04d5708e46b10fb50f856cd43, type: 3}
      propertyPath: m_LocalPosition.z
      value: -7.11
      objectReference: {fileID: 0}
    - target: {fileID: 2133052715124755048, guid: b55249e04d5708e46b10fb50f856cd43, type: 3}
      propertyPath: m_LocalRotation.w
      value: 1
      objectReference: {fileID: 0}
    - target: {fileID: 2133052715124755048, guid: b55249e04d5708e46b10fb50f856cd43, type: 3}
      propertyPath: m_LocalRotation.x
      value: 0
      objectReference: {fileID: 0}
    - target: {fileID: 2133052715124755048, guid: b55249e04d5708e46b10fb50f856cd43, type: 3}
      propertyPath: m_LocalRotation.y
      value: 0
      objectReference: {fileID: 0}
    - target: {fileID: 2133052715124755048, guid: b55249e04d5708e46b10fb50f856cd43, type: 3}
      propertyPath: m_LocalRotation.z
      value: 0
      objectReference: {fileID: 0}
    - target: {fileID: 2133052715124755048, guid: b55249e04d5708e46b10fb50f856cd43, type: 3}
      propertyPath: m_LocalEulerAnglesHint.x
      value: 0
      objectReference: {fileID: 0}
    - target: {fileID: 2133052715124755048, guid: b55249e04d5708e46b10fb50f856cd43, type: 3}
      propertyPath: m_LocalEulerAnglesHint.y
      value: 0
      objectReference: {fileID: 0}
    - target: {fileID: 2133052715124755048, guid: b55249e04d5708e46b10fb50f856cd43, type: 3}
      propertyPath: m_LocalEulerAnglesHint.z
      value: 0
      objectReference: {fileID: 0}
    - target: {fileID: 3662900967009491296, guid: b55249e04d5708e46b10fb50f856cd43, type: 3}
      propertyPath: m_IsActive
      value: 0
      objectReference: {fileID: 0}
    - target: {fileID: 4152017216934332375, guid: b55249e04d5708e46b10fb50f856cd43, type: 3}
      propertyPath: m_LocalPosition.y
      value: -1.325
      objectReference: {fileID: 0}
    - target: {fileID: 8467193876796297003, guid: b55249e04d5708e46b10fb50f856cd43, type: 3}
      propertyPath: m_Name
      value: 607
      objectReference: {fileID: 0}
    m_RemovedComponents: []
  m_SourcePrefab: {fileID: 100100000, guid: b55249e04d5708e46b10fb50f856cd43, type: 3}
--- !u!1001 &1154676893
PrefabInstance:
  m_ObjectHideFlags: 0
  serializedVersion: 2
  m_Modification:
    m_TransformParent: {fileID: 0}
    m_Modifications:
    - target: {fileID: 6326923115862768993, guid: 467fca577536f0247b302b03978ddc18, type: 3}
      propertyPath: m_RootOrder
      value: 15
      objectReference: {fileID: 0}
    - target: {fileID: 6326923115862768993, guid: 467fca577536f0247b302b03978ddc18, type: 3}
      propertyPath: m_LocalPosition.x
      value: -2.3529
      objectReference: {fileID: 0}
    - target: {fileID: 6326923115862768993, guid: 467fca577536f0247b302b03978ddc18, type: 3}
      propertyPath: m_LocalPosition.y
      value: 0.5123
      objectReference: {fileID: 0}
    - target: {fileID: 6326923115862768993, guid: 467fca577536f0247b302b03978ddc18, type: 3}
      propertyPath: m_LocalPosition.z
      value: 8.528
      objectReference: {fileID: 0}
    - target: {fileID: 6326923115862768993, guid: 467fca577536f0247b302b03978ddc18, type: 3}
      propertyPath: m_LocalRotation.w
      value: 1
      objectReference: {fileID: 0}
    - target: {fileID: 6326923115862768993, guid: 467fca577536f0247b302b03978ddc18, type: 3}
      propertyPath: m_LocalRotation.x
      value: 0
      objectReference: {fileID: 0}
    - target: {fileID: 6326923115862768993, guid: 467fca577536f0247b302b03978ddc18, type: 3}
      propertyPath: m_LocalRotation.y
      value: 0
      objectReference: {fileID: 0}
    - target: {fileID: 6326923115862768993, guid: 467fca577536f0247b302b03978ddc18, type: 3}
      propertyPath: m_LocalRotation.z
      value: 0
      objectReference: {fileID: 0}
    - target: {fileID: 6326923115862768993, guid: 467fca577536f0247b302b03978ddc18, type: 3}
      propertyPath: m_LocalEulerAnglesHint.x
      value: 0
      objectReference: {fileID: 0}
    - target: {fileID: 6326923115862768993, guid: 467fca577536f0247b302b03978ddc18, type: 3}
      propertyPath: m_LocalEulerAnglesHint.y
      value: 0
      objectReference: {fileID: 0}
    - target: {fileID: 6326923115862768993, guid: 467fca577536f0247b302b03978ddc18, type: 3}
      propertyPath: m_LocalEulerAnglesHint.z
      value: 0
      objectReference: {fileID: 0}
    - target: {fileID: 6326923115862768997, guid: 467fca577536f0247b302b03978ddc18, type: 3}
      propertyPath: m_Name
      value: KhungManSanhA1
      objectReference: {fileID: 0}
    m_RemovedComponents: []
  m_SourcePrefab: {fileID: 100100000, guid: 467fca577536f0247b302b03978ddc18, type: 3}
--- !u!1001 &1376132965
PrefabInstance:
  m_ObjectHideFlags: 0
  serializedVersion: 2
  m_Modification:
    m_TransformParent: {fileID: 0}
    m_Modifications:
    - target: {fileID: 1737376365523680259, guid: 915dd478b34c4044b8478ce2f5b9452a, type: 3}
      propertyPath: m_Name
      value: WC-MAN
      objectReference: {fileID: 0}
    - target: {fileID: 1737376365523680284, guid: 915dd478b34c4044b8478ce2f5b9452a, type: 3}
      propertyPath: m_RootOrder
      value: 1
      objectReference: {fileID: 0}
    - target: {fileID: 1737376365523680284, guid: 915dd478b34c4044b8478ce2f5b9452a, type: 3}
      propertyPath: m_LocalPosition.x
      value: 4.89
      objectReference: {fileID: 0}
    - target: {fileID: 1737376365523680284, guid: 915dd478b34c4044b8478ce2f5b9452a, type: 3}
      propertyPath: m_LocalPosition.y
      value: 8.921
      objectReference: {fileID: 0}
    - target: {fileID: 1737376365523680284, guid: 915dd478b34c4044b8478ce2f5b9452a, type: 3}
      propertyPath: m_LocalPosition.z
      value: 5.38
      objectReference: {fileID: 0}
    - target: {fileID: 1737376365523680284, guid: 915dd478b34c4044b8478ce2f5b9452a, type: 3}
      propertyPath: m_LocalRotation.w
      value: 0.7071068
      objectReference: {fileID: 0}
    - target: {fileID: 1737376365523680284, guid: 915dd478b34c4044b8478ce2f5b9452a, type: 3}
      propertyPath: m_LocalRotation.x
      value: 0
      objectReference: {fileID: 0}
    - target: {fileID: 1737376365523680284, guid: 915dd478b34c4044b8478ce2f5b9452a, type: 3}
      propertyPath: m_LocalRotation.y
      value: 0.7071068
      objectReference: {fileID: 0}
    - target: {fileID: 1737376365523680284, guid: 915dd478b34c4044b8478ce2f5b9452a, type: 3}
      propertyPath: m_LocalRotation.z
      value: 0
      objectReference: {fileID: 0}
    - target: {fileID: 1737376365523680284, guid: 915dd478b34c4044b8478ce2f5b9452a, type: 3}
      propertyPath: m_LocalEulerAnglesHint.x
      value: 0
      objectReference: {fileID: 0}
    - target: {fileID: 1737376365523680284, guid: 915dd478b34c4044b8478ce2f5b9452a, type: 3}
      propertyPath: m_LocalEulerAnglesHint.y
      value: 90
      objectReference: {fileID: 0}
    - target: {fileID: 1737376365523680284, guid: 915dd478b34c4044b8478ce2f5b9452a, type: 3}
      propertyPath: m_LocalEulerAnglesHint.z
      value: 0
      objectReference: {fileID: 0}
    m_RemovedComponents: []
  m_SourcePrefab: {fileID: 100100000, guid: 915dd478b34c4044b8478ce2f5b9452a, type: 3}
--- !u!1001 &1409554971
PrefabInstance:
  m_ObjectHideFlags: 0
  serializedVersion: 2
  m_Modification:
    m_TransformParent: {fileID: 0}
    m_Modifications:
    - target: {fileID: 2150149909190389029, guid: 825256458867a4946a759926dde30a10, type: 3}
      propertyPath: m_RootOrder
      value: 12
      objectReference: {fileID: 0}
    - target: {fileID: 2150149909190389029, guid: 825256458867a4946a759926dde30a10, type: 3}
      propertyPath: m_LocalScale.x
      value: 0.35
      objectReference: {fileID: 0}
    - target: {fileID: 2150149909190389029, guid: 825256458867a4946a759926dde30a10, type: 3}
      propertyPath: m_LocalPosition.x
      value: -1.08
      objectReference: {fileID: 0}
    - target: {fileID: 2150149909190389029, guid: 825256458867a4946a759926dde30a10, type: 3}
      propertyPath: m_LocalPosition.y
      value: 10.126
      objectReference: {fileID: 0}
    - target: {fileID: 2150149909190389029, guid: 825256458867a4946a759926dde30a10, type: 3}
      propertyPath: m_LocalPosition.z
      value: 6.647
      objectReference: {fileID: 0}
    - target: {fileID: 2150149909190389029, guid: 825256458867a4946a759926dde30a10, type: 3}
      propertyPath: m_LocalRotation.w
      value: 0.7071068
      objectReference: {fileID: 0}
    - target: {fileID: 2150149909190389029, guid: 825256458867a4946a759926dde30a10, type: 3}
      propertyPath: m_LocalRotation.x
      value: 0
      objectReference: {fileID: 0}
    - target: {fileID: 2150149909190389029, guid: 825256458867a4946a759926dde30a10, type: 3}
      propertyPath: m_LocalRotation.y
      value: 0.7071068
      objectReference: {fileID: 0}
    - target: {fileID: 2150149909190389029, guid: 825256458867a4946a759926dde30a10, type: 3}
      propertyPath: m_LocalRotation.z
      value: 0
      objectReference: {fileID: 0}
    - target: {fileID: 2150149909190389029, guid: 825256458867a4946a759926dde30a10, type: 3}
      propertyPath: m_LocalEulerAnglesHint.x
      value: 0
      objectReference: {fileID: 0}
    - target: {fileID: 2150149909190389029, guid: 825256458867a4946a759926dde30a10, type: 3}
      propertyPath: m_LocalEulerAnglesHint.y
      value: 90
      objectReference: {fileID: 0}
    - target: {fileID: 2150149909190389029, guid: 825256458867a4946a759926dde30a10, type: 3}
      propertyPath: m_LocalEulerAnglesHint.z
      value: 0
      objectReference: {fileID: 0}
    - target: {fileID: 2150149909190389030, guid: 825256458867a4946a759926dde30a10, type: 3}
      propertyPath: m_Name
      value: P601
      objectReference: {fileID: 0}
    m_RemovedComponents: []
  m_SourcePrefab: {fileID: 100100000, guid: 825256458867a4946a759926dde30a10, type: 3}
--- !u!1001 &1428075765
PrefabInstance:
  m_ObjectHideFlags: 0
  serializedVersion: 2
  m_Modification:
    m_TransformParent: {fileID: 0}
    m_Modifications:
    - target: {fileID: 7042453148297445168, guid: c876b383ee2edda4d9fab6b2c215a82b, type: 3}
      propertyPath: m_RootOrder
      value: 16
      objectReference: {fileID: 0}
    - target: {fileID: 7042453148297445168, guid: c876b383ee2edda4d9fab6b2c215a82b, type: 3}
      propertyPath: m_LocalPosition.x
      value: 7.119062
      objectReference: {fileID: 0}
    - target: {fileID: 7042453148297445168, guid: c876b383ee2edda4d9fab6b2c215a82b, type: 3}
      propertyPath: m_LocalPosition.y
      value: 0.86684155
      objectReference: {fileID: 0}
    - target: {fileID: 7042453148297445168, guid: c876b383ee2edda4d9fab6b2c215a82b, type: 3}
      propertyPath: m_LocalPosition.z
      value: 18.91393
      objectReference: {fileID: 0}
    - target: {fileID: 7042453148297445168, guid: c876b383ee2edda4d9fab6b2c215a82b, type: 3}
      propertyPath: m_LocalRotation.w
      value: 1
      objectReference: {fileID: 0}
    - target: {fileID: 7042453148297445168, guid: c876b383ee2edda4d9fab6b2c215a82b, type: 3}
      propertyPath: m_LocalRotation.x
      value: 0
      objectReference: {fileID: 0}
    - target: {fileID: 7042453148297445168, guid: c876b383ee2edda4d9fab6b2c215a82b, type: 3}
      propertyPath: m_LocalRotation.y
      value: 0
      objectReference: {fileID: 0}
    - target: {fileID: 7042453148297445168, guid: c876b383ee2edda4d9fab6b2c215a82b, type: 3}
      propertyPath: m_LocalRotation.z
      value: 0
      objectReference: {fileID: 0}
    - target: {fileID: 7042453148297445168, guid: c876b383ee2edda4d9fab6b2c215a82b, type: 3}
      propertyPath: m_LocalEulerAnglesHint.x
      value: 0
      objectReference: {fileID: 0}
    - target: {fileID: 7042453148297445168, guid: c876b383ee2edda4d9fab6b2c215a82b, type: 3}
      propertyPath: m_LocalEulerAnglesHint.y
      value: 0
      objectReference: {fileID: 0}
    - target: {fileID: 7042453148297445168, guid: c876b383ee2edda4d9fab6b2c215a82b, type: 3}
      propertyPath: m_LocalEulerAnglesHint.z
      value: 0
      objectReference: {fileID: 0}
    - target: {fileID: 7056191858889662491, guid: c876b383ee2edda4d9fab6b2c215a82b, type: 3}
      propertyPath: m_Name
      value: Tree and car
      objectReference: {fileID: 0}
    m_RemovedComponents: []
  m_SourcePrefab: {fileID: 100100000, guid: c876b383ee2edda4d9fab6b2c215a82b, type: 3}
--- !u!1001 &1641209163
PrefabInstance:
  m_ObjectHideFlags: 0
  serializedVersion: 2
  m_Modification:
    m_TransformParent: {fileID: 0}
    m_Modifications:
    - target: {fileID: 1136624881980383308, guid: 0c7be9fe1346a3a428ac925bc4005490, type: 3}
      propertyPath: m_RootOrder
      value: 4
      objectReference: {fileID: 0}
    - target: {fileID: 1136624881980383308, guid: 0c7be9fe1346a3a428ac925bc4005490, type: 3}
      propertyPath: m_LocalPosition.x
      value: -6.34
      objectReference: {fileID: 0}
    - target: {fileID: 1136624881980383308, guid: 0c7be9fe1346a3a428ac925bc4005490, type: 3}
      propertyPath: m_LocalPosition.y
      value: 9.54
      objectReference: {fileID: 0}
    - target: {fileID: 1136624881980383308, guid: 0c7be9fe1346a3a428ac925bc4005490, type: 3}
      propertyPath: m_LocalPosition.z
      value: 2.5
      objectReference: {fileID: 0}
    - target: {fileID: 1136624881980383308, guid: 0c7be9fe1346a3a428ac925bc4005490, type: 3}
      propertyPath: m_LocalRotation.w
      value: 1
      objectReference: {fileID: 0}
    - target: {fileID: 1136624881980383308, guid: 0c7be9fe1346a3a428ac925bc4005490, type: 3}
      propertyPath: m_LocalRotation.x
      value: -0
      objectReference: {fileID: 0}
    - target: {fileID: 1136624881980383308, guid: 0c7be9fe1346a3a428ac925bc4005490, type: 3}
      propertyPath: m_LocalRotation.y
      value: -0
      objectReference: {fileID: 0}
    - target: {fileID: 1136624881980383308, guid: 0c7be9fe1346a3a428ac925bc4005490, type: 3}
      propertyPath: m_LocalRotation.z
      value: -0
      objectReference: {fileID: 0}
    - target: {fileID: 1136624881980383308, guid: 0c7be9fe1346a3a428ac925bc4005490, type: 3}
      propertyPath: m_LocalEulerAnglesHint.x
      value: 0
      objectReference: {fileID: 0}
    - target: {fileID: 1136624881980383308, guid: 0c7be9fe1346a3a428ac925bc4005490, type: 3}
      propertyPath: m_LocalEulerAnglesHint.y
      value: 0
      objectReference: {fileID: 0}
    - target: {fileID: 1136624881980383308, guid: 0c7be9fe1346a3a428ac925bc4005490, type: 3}
      propertyPath: m_LocalEulerAnglesHint.z
      value: 0
      objectReference: {fileID: 0}
    - target: {fileID: 4987050708173815705, guid: 0c7be9fe1346a3a428ac925bc4005490, type: 3}
      propertyPath: m_Name
      value: P604 new
      objectReference: {fileID: 0}
    m_RemovedComponents: []
  m_SourcePrefab: {fileID: 100100000, guid: 0c7be9fe1346a3a428ac925bc4005490, type: 3}
--- !u!1001 &1650757124
PrefabInstance:
  m_ObjectHideFlags: 0
  serializedVersion: 2
  m_Modification:
    m_TransformParent: {fileID: 0}
    m_Modifications:
    - target: {fileID: 3357820888035027170, guid: 3497398298349dd4da8dedd4c98e22f8, type: 3}
      propertyPath: m_RootOrder
      value: 13
      objectReference: {fileID: 0}
    - target: {fileID: 3357820888035027170, guid: 3497398298349dd4da8dedd4c98e22f8, type: 3}
      propertyPath: m_LocalScale.x
      value: 0.35
      objectReference: {fileID: 0}
    - target: {fileID: 3357820888035027170, guid: 3497398298349dd4da8dedd4c98e22f8, type: 3}
      propertyPath: m_LocalPosition.x
      value: -0.911
      objectReference: {fileID: 0}
    - target: {fileID: 3357820888035027170, guid: 3497398298349dd4da8dedd4c98e22f8, type: 3}
      propertyPath: m_LocalPosition.y
      value: 10.126
      objectReference: {fileID: 0}
    - target: {fileID: 3357820888035027170, guid: 3497398298349dd4da8dedd4c98e22f8, type: 3}
      propertyPath: m_LocalPosition.z
      value: 6.647
      objectReference: {fileID: 0}
    - target: {fileID: 3357820888035027170, guid: 3497398298349dd4da8dedd4c98e22f8, type: 3}
      propertyPath: m_LocalRotation.w
      value: 0.7071068
      objectReference: {fileID: 0}
    - target: {fileID: 3357820888035027170, guid: 3497398298349dd4da8dedd4c98e22f8, type: 3}
      propertyPath: m_LocalRotation.x
      value: 0
      objectReference: {fileID: 0}
    - target: {fileID: 3357820888035027170, guid: 3497398298349dd4da8dedd4c98e22f8, type: 3}
      propertyPath: m_LocalRotation.y
      value: 0.7071068
      objectReference: {fileID: 0}
    - target: {fileID: 3357820888035027170, guid: 3497398298349dd4da8dedd4c98e22f8, type: 3}
      propertyPath: m_LocalRotation.z
      value: 0
      objectReference: {fileID: 0}
    - target: {fileID: 3357820888035027170, guid: 3497398298349dd4da8dedd4c98e22f8, type: 3}
      propertyPath: m_LocalEulerAnglesHint.x
      value: 0
      objectReference: {fileID: 0}
    - target: {fileID: 3357820888035027170, guid: 3497398298349dd4da8dedd4c98e22f8, type: 3}
      propertyPath: m_LocalEulerAnglesHint.y
      value: 90
      objectReference: {fileID: 0}
    - target: {fileID: 3357820888035027170, guid: 3497398298349dd4da8dedd4c98e22f8, type: 3}
      propertyPath: m_LocalEulerAnglesHint.z
      value: 0
      objectReference: {fileID: 0}
    - target: {fileID: 3357820888035027171, guid: 3497398298349dd4da8dedd4c98e22f8, type: 3}
      propertyPath: m_Name
      value: P602
      objectReference: {fileID: 0}
    m_RemovedComponents: []
  m_SourcePrefab: {fileID: 100100000, guid: 3497398298349dd4da8dedd4c98e22f8, type: 3}
--- !u!1001 &1737119189
PrefabInstance:
  m_ObjectHideFlags: 0
  serializedVersion: 2
  m_Modification:
    m_TransformParent: {fileID: 0}
    m_Modifications:
    - target: {fileID: 4176567967686216946, guid: 79525941858e26744b1029092d65c500, type: 3}
      propertyPath: m_Name
      value: P603
      objectReference: {fileID: 0}
    - target: {fileID: 4176567967686216949, guid: 79525941858e26744b1029092d65c500, type: 3}
      propertyPath: m_RootOrder
      value: 17
      objectReference: {fileID: 0}
    - target: {fileID: 4176567967686216949, guid: 79525941858e26744b1029092d65c500, type: 3}
      propertyPath: m_LocalPosition.x
      value: -1.11
      objectReference: {fileID: 0}
    - target: {fileID: 4176567967686216949, guid: 79525941858e26744b1029092d65c500, type: 3}
      propertyPath: m_LocalPosition.y
      value: 10.15
      objectReference: {fileID: 0}
    - target: {fileID: 4176567967686216949, guid: 79525941858e26744b1029092d65c500, type: 3}
      propertyPath: m_LocalPosition.z
      value: 6.67
      objectReference: {fileID: 0}
    - target: {fileID: 4176567967686216949, guid: 79525941858e26744b1029092d65c500, type: 3}
      propertyPath: m_LocalRotation.w
      value: 0.7071068
      objectReference: {fileID: 0}
    - target: {fileID: 4176567967686216949, guid: 79525941858e26744b1029092d65c500, type: 3}
      propertyPath: m_LocalRotation.x
      value: 0
      objectReference: {fileID: 0}
    - target: {fileID: 4176567967686216949, guid: 79525941858e26744b1029092d65c500, type: 3}
      propertyPath: m_LocalRotation.y
      value: 0.7071068
      objectReference: {fileID: 0}
    - target: {fileID: 4176567967686216949, guid: 79525941858e26744b1029092d65c500, type: 3}
      propertyPath: m_LocalRotation.z
      value: 0
      objectReference: {fileID: 0}
    - target: {fileID: 4176567967686216949, guid: 79525941858e26744b1029092d65c500, type: 3}
      propertyPath: m_LocalEulerAnglesHint.x
      value: 0
      objectReference: {fileID: 0}
    - target: {fileID: 4176567967686216949, guid: 79525941858e26744b1029092d65c500, type: 3}
      propertyPath: m_LocalEulerAnglesHint.y
      value: 90
      objectReference: {fileID: 0}
    - target: {fileID: 4176567967686216949, guid: 79525941858e26744b1029092d65c500, type: 3}
      propertyPath: m_LocalEulerAnglesHint.z
      value: 0
      objectReference: {fileID: 0}
    m_RemovedComponents: []
  m_SourcePrefab: {fileID: 100100000, guid: 79525941858e26744b1029092d65c500, type: 3}
--- !u!1001 &2005058517
PrefabInstance:
  m_ObjectHideFlags: 0
  serializedVersion: 2
  m_Modification:
    m_TransformParent: {fileID: 0}
    m_Modifications:
    - target: {fileID: 4126268875462075237, guid: 54378db337063804bb6afa922f20fa50, type: 3}
      propertyPath: m_Name
      value: "T\u1EA7ng 1-A1"
      objectReference: {fileID: 0}
    - target: {fileID: 4126268875462075237, guid: 54378db337063804bb6afa922f20fa50, type: 3}
      propertyPath: m_IsActive
      value: 1
      objectReference: {fileID: 0}
    - target: {fileID: 9052137817636807571, guid: 54378db337063804bb6afa922f20fa50, type: 3}
      propertyPath: m_RootOrder
      value: 3
      objectReference: {fileID: 0}
    - target: {fileID: 9052137817636807571, guid: 54378db337063804bb6afa922f20fa50, type: 3}
      propertyPath: m_LocalScale.x
      value: 1.4
      objectReference: {fileID: 0}
    - target: {fileID: 9052137817636807571, guid: 54378db337063804bb6afa922f20fa50, type: 3}
      propertyPath: m_LocalScale.y
      value: 1.2
      objectReference: {fileID: 0}
    - target: {fileID: 9052137817636807571, guid: 54378db337063804bb6afa922f20fa50, type: 3}
      propertyPath: m_LocalPosition.x
      value: -1.97
      objectReference: {fileID: 0}
    - target: {fileID: 9052137817636807571, guid: 54378db337063804bb6afa922f20fa50, type: 3}
      propertyPath: m_LocalPosition.y
      value: 15.2
      objectReference: {fileID: 0}
    - target: {fileID: 9052137817636807571, guid: 54378db337063804bb6afa922f20fa50, type: 3}
      propertyPath: m_LocalPosition.z
      value: 2.98
      objectReference: {fileID: 0}
    - target: {fileID: 9052137817636807571, guid: 54378db337063804bb6afa922f20fa50, type: 3}
      propertyPath: m_LocalRotation.w
      value: 0.7071068
      objectReference: {fileID: 0}
    - target: {fileID: 9052137817636807571, guid: 54378db337063804bb6afa922f20fa50, type: 3}
      propertyPath: m_LocalRotation.x
      value: -0.7071068
      objectReference: {fileID: 0}
    - target: {fileID: 9052137817636807571, guid: 54378db337063804bb6afa922f20fa50, type: 3}
      propertyPath: m_LocalRotation.y
      value: -0
      objectReference: {fileID: 0}
    - target: {fileID: 9052137817636807571, guid: 54378db337063804bb6afa922f20fa50, type: 3}
      propertyPath: m_LocalRotation.z
      value: -0
      objectReference: {fileID: 0}
    - target: {fileID: 9052137817636807571, guid: 54378db337063804bb6afa922f20fa50, type: 3}
      propertyPath: m_LocalEulerAnglesHint.x
      value: 0
      objectReference: {fileID: 0}
    - target: {fileID: 9052137817636807571, guid: 54378db337063804bb6afa922f20fa50, type: 3}
      propertyPath: m_LocalEulerAnglesHint.y
      value: 0
      objectReference: {fileID: 0}
    - target: {fileID: 9052137817636807571, guid: 54378db337063804bb6afa922f20fa50, type: 3}
      propertyPath: m_LocalEulerAnglesHint.z
      value: 0
      objectReference: {fileID: 0}
    m_RemovedComponents: []
  m_SourcePrefab: {fileID: 100100000, guid: 54378db337063804bb6afa922f20fa50, type: 3}
--- !u!1001 &422966206303049166
PrefabInstance:
  m_ObjectHideFlags: 0
  serializedVersion: 2
  m_Modification:
    m_TransformParent: {fileID: 0}
    m_Modifications:
    - target: {fileID: 422966207224875924, guid: 4b146654485f29b4aaa474e8b7ce2d2c, type: 3}
      propertyPath: m_Name
      value: PhongDPT
      objectReference: {fileID: 0}
    - target: {fileID: 422966207224875925, guid: 4b146654485f29b4aaa474e8b7ce2d2c, type: 3}
      propertyPath: m_RootOrder
      value: 11
      objectReference: {fileID: 0}
    - target: {fileID: 422966207224875925, guid: 4b146654485f29b4aaa474e8b7ce2d2c, type: 3}
      propertyPath: m_LocalPosition.x
      value: 4.845
      objectReference: {fileID: 0}
    - target: {fileID: 422966207224875925, guid: 4b146654485f29b4aaa474e8b7ce2d2c, type: 3}
      propertyPath: m_LocalPosition.y
      value: 9.53
      objectReference: {fileID: 0}
    - target: {fileID: 422966207224875925, guid: 4b146654485f29b4aaa474e8b7ce2d2c, type: 3}
      propertyPath: m_LocalPosition.z
      value: 1.833
      objectReference: {fileID: 0}
    - target: {fileID: 422966207224875925, guid: 4b146654485f29b4aaa474e8b7ce2d2c, type: 3}
      propertyPath: m_LocalRotation.w
      value: 1
      objectReference: {fileID: 0}
    - target: {fileID: 422966207224875925, guid: 4b146654485f29b4aaa474e8b7ce2d2c, type: 3}
      propertyPath: m_LocalRotation.x
      value: 0
      objectReference: {fileID: 0}
    - target: {fileID: 422966207224875925, guid: 4b146654485f29b4aaa474e8b7ce2d2c, type: 3}
      propertyPath: m_LocalRotation.y
      value: 0
      objectReference: {fileID: 0}
    - target: {fileID: 422966207224875925, guid: 4b146654485f29b4aaa474e8b7ce2d2c, type: 3}
      propertyPath: m_LocalRotation.z
      value: 0
      objectReference: {fileID: 0}
    - target: {fileID: 422966207224875925, guid: 4b146654485f29b4aaa474e8b7ce2d2c, type: 3}
      propertyPath: m_LocalEulerAnglesHint.x
      value: 0
      objectReference: {fileID: 0}
    - target: {fileID: 422966207224875925, guid: 4b146654485f29b4aaa474e8b7ce2d2c, type: 3}
      propertyPath: m_LocalEulerAnglesHint.y
      value: 0
      objectReference: {fileID: 0}
    - target: {fileID: 422966207224875925, guid: 4b146654485f29b4aaa474e8b7ce2d2c, type: 3}
      propertyPath: m_LocalEulerAnglesHint.z
      value: 0
      objectReference: {fileID: 0}
    m_RemovedComponents: []
  m_SourcePrefab: {fileID: 100100000, guid: 4b146654485f29b4aaa474e8b7ce2d2c, type: 3}
--- !u!1001 &8194561110894984001
PrefabInstance:
  m_ObjectHideFlags: 0
  serializedVersion: 2
  m_Modification:
    m_TransformParent: {fileID: 0}
    m_Modifications:
    - target: {fileID: 6010128715269990422, guid: 9f4e68de1114300429aa25d0de36e882, type: 3}
      propertyPath: m_Name
      value: Wall
      objectReference: {fileID: 0}
    - target: {fileID: 6768372838484008173, guid: 9f4e68de1114300429aa25d0de36e882, type: 3}
      propertyPath: m_RootOrder
      value: 9
      objectReference: {fileID: 0}
    - target: {fileID: 6768372838484008173, guid: 9f4e68de1114300429aa25d0de36e882, type: 3}
      propertyPath: m_LocalPosition.x
      value: 3.2
      objectReference: {fileID: 0}
    - target: {fileID: 6768372838484008173, guid: 9f4e68de1114300429aa25d0de36e882, type: 3}
      propertyPath: m_LocalPosition.y
      value: 8.946
      objectReference: {fileID: 0}
    - target: {fileID: 6768372838484008173, guid: 9f4e68de1114300429aa25d0de36e882, type: 3}
      propertyPath: m_LocalPosition.z
      value: 2.992
      objectReference: {fileID: 0}
    - target: {fileID: 6768372838484008173, guid: 9f4e68de1114300429aa25d0de36e882, type: 3}
      propertyPath: m_LocalRotation.w
      value: 1
      objectReference: {fileID: 0}
    - target: {fileID: 6768372838484008173, guid: 9f4e68de1114300429aa25d0de36e882, type: 3}
      propertyPath: m_LocalRotation.x
      value: 0
      objectReference: {fileID: 0}
    - target: {fileID: 6768372838484008173, guid: 9f4e68de1114300429aa25d0de36e882, type: 3}
      propertyPath: m_LocalRotation.y
      value: 0
      objectReference: {fileID: 0}
    - target: {fileID: 6768372838484008173, guid: 9f4e68de1114300429aa25d0de36e882, type: 3}
      propertyPath: m_LocalRotation.z
      value: 0
      objectReference: {fileID: 0}
    - target: {fileID: 6768372838484008173, guid: 9f4e68de1114300429aa25d0de36e882, type: 3}
      propertyPath: m_LocalEulerAnglesHint.x
      value: 0
      objectReference: {fileID: 0}
    - target: {fileID: 6768372838484008173, guid: 9f4e68de1114300429aa25d0de36e882, type: 3}
      propertyPath: m_LocalEulerAnglesHint.y
      value: 0
      objectReference: {fileID: 0}
    - target: {fileID: 6768372838484008173, guid: 9f4e68de1114300429aa25d0de36e882, type: 3}
      propertyPath: m_LocalEulerAnglesHint.z
      value: 0
      objectReference: {fileID: 0}
    m_RemovedComponents: []
  m_SourcePrefab: {fileID: 100100000, guid: 9f4e68de1114300429aa25d0de36e882, type: 3}
--- !u!4 &8194561110894984002 stripped
Transform:
  m_CorrespondingSourceObject: {fileID: 6768372838484008173, guid: 9f4e68de1114300429aa25d0de36e882, type: 3}
  m_PrefabInstance: {fileID: 8194561110894984001}
  m_PrefabAsset: {fileID: 0}
